1513 2734
639 164 864 222 (77⁴)

175 312 219 342 et
242 294 552 355 amplitudinem
570 334 583 352 ‚
615 304 809 359 profecto
836 318 970 360 neque
997 305 1039 348 hi
1056 336 1069 356 ,
1099 307 1249 350 etiamst
1278 308 1320 349 id

176 370 385 423 licuisset,
427 386 449 412 a
482 373 677 426 Judaeis,'
714 375 841 430 vulgo
884 379 1109 419 contemtui
1140 378 1319 432 odioque

176 440 355 491 habitis,
401 444 621 496 quidquam
667 448 839 488 mutuari
883 447 1057 488 voluisse
1099 449 1319 490 videbuan-

155 509 360 565 ‘tur(1).
437 511 630 555 Omnium
675 530 772 557 vero
813 519 987 558 maxime
1025 519 1127 559 hanc
1157 519 1320 559 Tertul-

174 579 271 621 liani
301 583 538 638 opinionem
570 584 750 626 falsitatis
778 589 1024 629 convincere
1054 589 1213 631 videtur
1238 589 1324 643 ipsa

177 651 459 699 Graecorum,
505 667 608 706 quae
652 656 888 708 supersunt,
935 656 1176 711 scriptorum
1204 653 1322 700 indo-

173 720 248 761 les.
310 720 407 762 Inde
436 723 542 762 enim
571 724 621 762 ab
651 721 837 765 Homero
864 727 913 767 ad
942 739 1111 768 aetatem
1143 730 1320 772 Alexan-

174 791 329 832 drinam
357 804 514 845 usque,
546 793 673 832 immo
702 806 775 846 per
798 806 925 836 totam
959 797 1212 841 Graecorum
1239 802 1323 842 his-

174 863 348 911 toriam,
380 875 402 901 a
431 863 596 914 poetica
628 862 805 917 fingendi
834 866 1018 908 ubertate
1057 871 1105 910 ad
1138 870 1322 923 philoso-

173 932 297 986 pham
328 931 545 973 disserendi
586 932 838 988 diligentiam
881 940 1058 980 cernitur
1094 945 1326 997 progressio

175 1002 372 1057 quaedam
404 1005 599 1045 continua
618 1034 631 1052 ,
659 1004 719 1044 'ut
747 1007 852 1059 quasi
883 1010 960 1049 tuis
990 1007 1074 1062 ipse
1103 1012 1235 1053 oculis
1263 1015 1323 1054 vi-

174 1072 298 1122 deas,
331 1074 543 1126 quomodo
572 1073 670 1117 felix
689 1074 943 1119 Graecorum
975 1081 1204 1135 ingenium,
1235 1084 1333 1124 sen-t

174 1144 246 1186 fim
275 1144 552 1198 paulatimque
596 1146 646 1186 ad
687 1145 831 1187 altiora
867 1148 1062 1199 tendens,
1107 1151 1172 1192 sua
1203 1152 1325 1206 spon-

175 1225 215 1255 te
260 1218 422 1271 egregia
449 1228 663 1269 quaeque,
709 1228 749 1256 et
788 1219 827 1257 in
856 1222 1025 1260 caeteris
1066 1222 1323 1276 disciplinis,

174 1295 216 1325 et
259 1286 298 1325 in
340 1285 635 1339 philosophia,
680 1286 891 1329 invenerit.
966 1287 1059 1332 Nee
1101 1293 1322 1347 quidquam

174 1351 427 1396 Hebraicum
469 1355 594 1396 refert
633 1355 848 1407 colorem3
888 1362 1023 1401 omnia
1054 1361 1202 1417 spirant
1251 1378 1320 1406 na-

175 1427 303 1466 tivum
334 1426 588 1467 Graecorum
621 1427 843 1480 ingenium.

233 1495 308 1537 Illa
338 1508 470 1536 autem
502 1495 773 1548 Tertulliani,
813 1489 919 1552 quae
945 1514 1020 1555 per
1045 1503 1161 1556 plura
1190 1505 1323 1547 secula

173 1566 280 1606 inter
336 1565 597 1607 Christianos
637 1568 793 1621 viguit,
838 1562 915 1612 nec
957 1585 1100 1616 nostro
1140 1587 1325 1629 tempore

175 1636 337 1689 prorsus
379 1636 571 1683 oboluit,
620 1636 812 1678 sententia
857 1642 1004 1694 procul
1041 1644 1169 1685 dublo
1195 1648 1322 1702 origi-

114 1739 116 1743 .
173 1718 267 1749 nem
297 1706 410 1746 duxit
439 1718 460 1744 e
484 1706 589 1747 sacri
617 1706 792 1748 Codicis
820 1713 1072 1754 auctoritatis
1115 1716 1324 1758 vindican-

142 1802 146 1805 -
176 1775 249 1817 da'e
277 1776 563 1829 augendaeque
589 1775 735 1817 studio.
766 1777 1032 1822 “Christiani
1076 1786 1183 1826 enim
1220 1787 1323 1834 bene

176 1846 392 1894 tenebant,
438 1845 562 1886 multa
594 1849 757 1901 egregia
786 1848 1132 1904 philosophorum
1163 1856 1326 1910 scriptis

176 1917 378 1956 contineri
405 1915 454 1955 de
479 1915 622 1956 iisdem
640 1918 774 1958 rebus
798 1919 954 1971 'placita
971 1952 983 1970 ‚
1017 1937 1119 1976 quae
1152 1928 1191 1967 iu
1211 1929 1324 1970 sacro

176 1984 338 2026 Codice
363 1985 514 2026 exstant
541 1999 562 2025 a
592 1985 687 2026 Deo
717 1989 932 2040 patefacta.
953 2026 966 2032 V
993 1989 1085 2035 Ne'e
1128 1997 1201 2038 fibi
1232 2013 1325 2052 per-

176 2055 339 2098 suadere
356 2068 573 2109 poterant,
605 2056 741 2099 Deum
773 2060 1010 2103 eadem‘illa
1040 2076 1133 2106 cum
1159 2066 1327 2121 Judaeis'·

364 2181 368 2186 .
1054 2126 1060 2128 ⁷
1254 2149 1327 2192 Pe·

223 2200 287 2249 (ι)
311 2202 411 2237 Conf.
439 2202 482 2236 W
497 2212 517 2247 y
533 2210 546 2236 t
561 2210 574 2237 t
589 2212 607 2236 e
619 2189 644 2236 ‘n
659 2203 680 2237 b
695 2214 712 2237 a
728 2214 747 2239 c
763 2205 783 2239 h
800 2207 811 2239 i
825 2208 836 2241 i
852 2232 863 2247 ‚
885 2209 1017 2253 Dispm.
1031 2211 1069 2244 de
1091 2215 1221 2247 unitate
1233 2214 1327 2259 Dei,

174 2271 209 2306 p-
232 2271 298 2305 420
313 2280 325 2286 -
340 2269 417 2304 431·
