<?xml version="1.0" encoding="UTF-8"?>
<!DOCTYPE html PUBLIC "-//W3C//DTD XHTML 1.0 Transitional//EN"
    "http://www.w3.org/TR/xhtml1/DTD/xhtml1-transitional.dtd">
<html xmlns="http://www.w3.org/1999/xhtml" xml:lang="en" lang="en">
 <head>
  <title>
</title>
<meta http-equiv="Content-Type" content="text/html;charset=utf-8" />
  <meta name='ocr-system' content='tesseract 3.04.00' />
  <meta name='ocr-capabilities' content='ocr_page ocr_carea ocr_par ocr_line ocrx_word'/>
</head>
<body>
  <div class='ocr_page' id='page_1' title='image "annalesacademiae23acad_0819.png"; bbox 0 0 1513 2734; ppageno 0'>
   <div class='ocr_carea' id='block_1_1' title="bbox 0 1317 3 2274">
    <p class='ocr_par' dir='ltr' id='par_1_1' title="bbox 0 1317 3 2274">
     <span class='ocr_line' id='line_1_1' title="bbox 0 1317 3 2274; baseline 0 0"><span class='ocrx_word' id='word_1_1' title='bbox 0 1317 3 2274; x_wconf 95' lang='lat' dir='ltr'> </span> 
     </span>
    </p>
   </div>
   <div class='ocr_carea' id='block_1_2' title="bbox 539 191 763 252">
    <p class='ocr_par' dir='ltr' id='par_1_2' title="bbox 539 191 763 252">
     <span class='ocr_line' id='line_1_2' title="bbox 539 191 763 252; baseline -0.013 0"><span class='ocrx_word' id='word_1_2' title='bbox 539 191 763 252; x_wconf 80' lang='lat'>(45)</span> 
     </span>
    </p>
   </div>
   <div class='ocr_carea' id='block_1_3' title="bbox 116 331 1399 2343">
    <p class='ocr_par' dir='ltr' id='par_1_3' title="bbox 116 331 1151 1429">
     <span class='ocr_line' id='line_1_3' title="bbox 140 331 1148 394; baseline -0.006 -13"><span class='ocrx_word' id='word_1_3' title='bbox 140 338 292 394; x_wconf 81' lang='lat' dir='ltr'>quibus</span> <span class='ocrx_word' id='word_1_4' title='bbox 317 337 459 378; x_wconf 86' lang='lat' dir='ltr'>nititur</span> <span class='ocrx_word' id='word_1_5' title='bbox 485 336 754 390; x_wconf 72' lang='lat' dir='ltr'>praestimti0‚</span> <span class='ocrx_word' id='word_1_6' title='bbox 787 342 906 388; x_wconf 81' lang='lat' dir='ltr'>&#39;quam</span> <span class='ocrx_word' id='word_1_7' title='bbox 927 331 1051 389; x_wconf 84' lang='lat' dir='ltr'>judex</span> <span class='ocrx_word' id='word_1_8' title='bbox 1076 331 1148 375; x_wconf 64' lang='lat' dir='ltr'>ad:</span> 
     </span>
     <span class='ocr_line' id='line_1_4' title="bbox 139 402 1146 460; baseline -0.007 -10"><span class='ocrx_word' id='word_1_9' title='bbox 139 409 278 450; x_wconf 89' lang='lat' dir='ltr'>mittit.</span> <span class='ocrx_word' id='word_1_10' title='bbox 339 408 446 449; x_wconf 90' lang='lat' dir='ltr'>Cum</span> <span class='ocrx_word' id='word_1_11' title='bbox 486 418 618 447; x_wconf 90' lang='lat' dir='ltr'>autem</span> <span class='ocrx_word' id='word_1_12' title='bbox 652 404 959 460; x_wconf 83' lang='lat' dir='ltr'>praesumtionis</span> <span class='ocrx_word' id='word_1_13' title='bbox 1003 402 1146 459; x_wconf 81' lang='lat' dir='ltr'>legalis</span> 
     </span>
     <span class='ocr_line' id='line_1_5' title="bbox 139 475 1145 532; baseline -0.007 -12"><span class='ocrx_word' id='word_1_14' title='bbox 139 491 187 520; x_wconf 84' lang='lat' dir='ltr'>ea</span> <span class='ocrx_word' id='word_1_15' title='bbox 217 481 262 521; x_wconf 85' lang='lat' dir='ltr'>fit</span> <span class='ocrx_word' id='word_1_16' title='bbox 289 480 349 519; x_wconf 92' lang='lat' dir='ltr'>vis</span> <span class='ocrx_word' id='word_1_17' title='bbox 366 509 378 526; x_wconf 82' lang='lat'><strong>‚</strong></span> <span class='ocrx_word' id='word_1_18' title='bbox 411 490 454 519; x_wconf 87' lang='lat' dir='ltr'>ut</span> <span class='ocrx_word' id='word_1_19' title='bbox 481 478 605 532; x_wconf 81' lang='lat' dir='ltr'>judex</span> <span class='ocrx_word' id='word_1_20' title='bbox 632 488 717 516; x_wconf 86' lang='lat' dir='ltr'>eam</span> <span class='ocrx_word' id='word_1_21' title='bbox 746 476 955 516; x_wconf 82' lang='lat' dir='ltr'><strong>admittere</strong></span> <span class='ocrx_word' id='word_1_22' title='bbox 978 475 1145 524; x_wconf 81' lang='lat' dir='ltr'>debeat,</span> 
     </span>
     <span class='ocr_line' id='line_1_6' title="bbox 139 545 1148 602; baseline -0.006 -13"><span class='ocrx_word' id='word_1_23' title='bbox 139 549 285 590; x_wconf 81' lang='lat' dir='ltr'>exinde</span> <span class='ocrx_word' id='word_1_24' title='bbox 315 549 519 602; x_wconf 78' lang='lat' dir='ltr'>sequitur,</span> <span class='ocrx_word' id='word_1_25' title='bbox 551 545 852 601; x_wconf 80' lang='lat' dir='ltr'>legislatoribus</span> <span class='ocrx_word' id='word_1_26' title='bbox 874 545 1148 599; x_wconf 76' lang='lat' dir='ltr'>gravissimum</span> 
     </span>
     <span class='ocr_line' id='line_1_7' title="bbox 140 618 1148 677; baseline -0.006 -18"><span class='ocrx_word' id='word_1_27' title='bbox 140 619 226 660; x_wconf 89' lang='lat' dir='ltr'>esse</span> <span class='ocrx_word' id='word_1_28' title='bbox 265 620 496 677; x_wconf 78' lang='lat' dir='ltr'>impolitum</span> <span class='ocrx_word' id='word_1_29' title='bbox 527 618 732 664; x_wconf 80' lang='lat' dir='ltr'>officium,</span> <span class='ocrx_word' id='word_1_30' title='bbox 776 627 826 655; x_wconf 91' lang='lat' dir='ltr'>ne</span> <span class='ocrx_word' id='word_1_31' title='bbox 854 625 1004 655; x_wconf 89' lang='lat' dir='ltr'>temere</span> <span class='ocrx_word' id='word_1_32' title='bbox 1034 625 1148 667; x_wconf 76' lang='lat' dir='ltr'>prae·</span> 
     </span>
     <span class='ocr_line' id='line_1_8' title="bbox 141 683 1150 739; baseline -0.006 -9"><span class='ocrx_word' id='word_1_33' title='bbox 141 690 362 730; x_wconf 90' lang='lat' dir='ltr'>sumtiones</span> <span class='ocrx_word' id='word_1_34' title='bbox 405 685 647 735; x_wconf 82' lang='lat' dir='ltr'>admittant,</span> <span class='ocrx_word' id='word_1_35' title='bbox 687 697 811 738; x_wconf 90' lang='lat' dir='ltr'>quum</span> <span class='ocrx_word' id='word_1_36' title='bbox 851 697 992 726; x_wconf 87' lang='lat' dir='ltr'>eorum</span> <span class='ocrx_word' id='word_1_37' title='bbox 1017 683 1150 739; x_wconf 86' lang='lat' dir='ltr'>negli—</span> 
     </span>
     <span class='ocr_line' id='line_1_9' title="bbox 141 753 1150 812; baseline -0.005 -14"><span class='ocrx_word' id='word_1_38' title='bbox 141 760 278 812; x_wconf 85' lang='lat' dir='ltr'>gentia</span> <span class='ocrx_word' id='word_1_39' title='bbox 308 758 382 798; x_wconf 87' lang='lat' dir='ltr'>hac</span> <span class='ocrx_word' id='word_1_40' title='bbox 413 760 452 797; x_wconf 93' lang='lat' dir='ltr'>in</span> <span class='ocrx_word' id='word_1_41' title='bbox 481 771 522 798; x_wconf 89' lang='lat' dir='ltr'>re</span> <span class='ocrx_word' id='word_1_42' title='bbox 547 758 597 797; x_wconf 88' lang='lat' dir='ltr'>ad</span> <span class='ocrx_word' id='word_1_43' title='bbox 627 755 867 796; x_wconf 82' lang='lat' dir='ltr'>tristissimas</span> <span class='ocrx_word' id='word_1_44' title='bbox 898 753 1150 807; x_wconf 88' lang='lat' dir='ltr'>consequen-</span> 
     </span>
     <span class='ocr_line' id='line_1_10' title="bbox 141 824 1150 881; baseline -0.004 -13"><span class='ocrx_word' id='word_1_45' title='bbox 141 830 217 868; x_wconf 85' lang='lat' dir='ltr'>tias</span> <span class='ocrx_word' id='word_1_46' title='bbox 247 828 367 868; x_wconf 82' lang='lat' dir='ltr'>ducat</span> <span class='ocrx_word' id='word_1_47' title='bbox 391 840 463 881; x_wconf 88' lang='lat' dir='ltr'>per</span> <span class='ocrx_word' id='word_1_48' title='bbox 491 839 624 868; x_wconf 90' lang='lat' dir='ltr'>totum</span> <span class='ocrx_word' id='word_1_49' title='bbox 651 827 891 878; x_wconf 85' lang='lat' dir='ltr'>imperium,</span> <span class='ocrx_word' id='word_1_50' title='bbox 923 825 1017 864; x_wconf 89' lang='lat' dir='ltr'>dum</span> <span class='ocrx_word' id='word_1_51' title='bbox 1042 824 1150 878; x_wconf 83' lang='lat' dir='ltr'>judi-</span> 
     </span>
     <span class='ocr_line' id='line_1_11' title="bbox 143 895 1151 939; baseline -0.004 0"><span class='ocrx_word' id='word_1_52' title='bbox 143 899 203 939; x_wconf 90' lang='lat' dir='ltr'>cis</span> <span class='ocrx_word' id='word_1_53' title='bbox 251 910 364 938; x_wconf 86' lang='lat' dir='ltr'>error</span> <span class='ocrx_word' id='word_1_54' title='bbox 413 898 454 937; x_wconf 89' lang='lat' dir='ltr'>in</span> <span class='ocrx_word' id='word_1_55' title='bbox 507 896 763 937; x_wconf 78' lang='lat' dir='ltr'>admittendis</span> <span class='ocrx_word' id='word_1_56' title='bbox 814 899 934 937; x_wconf 87' lang='lat' dir='ltr'>nimis</span> <span class='ocrx_word' id='word_1_57' title='bbox 991 895 1151 936; x_wconf 87' lang='lat' dir='ltr'>levibus</span> 
     </span>
     <span class='ocr_line' id='line_1_12' title="bbox 142 965 1150 1022; baseline -0.004 -14"><span class='ocrx_word' id='word_1_58' title='bbox 142 966 509 1021; x_wconf 85' lang='lat' dir='ltr'>praesumtionibus</span> <span class='ocrx_word' id='word_1_59' title='bbox 537 979 620 1007; x_wconf 90' lang='lat' dir='ltr'>non</span> <span class='ocrx_word' id='word_1_60' title='bbox 649 967 721 1007; x_wconf 84' lang='lat' dir='ltr'>nisi</span> <span class='ocrx_word' id='word_1_61' title='bbox 745 969 784 1007; x_wconf 91' lang='lat' dir='ltr'>in</span> <span class='ocrx_word' id='word_1_62' title='bbox 814 966 970 1022; x_wconf 77' lang='lat' dir='ltr'>singulo</span> <span class='ocrx_word' id='word_1_63' title='bbox 1008 965 1150 1018; x_wconf 88' lang='lat' dir='ltr'>aliquo</span> 
     </span>
     <span class='ocr_line' id='line_1_13' title="bbox 143 1035 1150 1091; baseline -0.003 -13"><span class='ocrx_word' id='word_1_64' title='bbox 143 1036 237 1078; x_wconf 87' lang='lat' dir='ltr'>casu</span> <span class='ocrx_word' id='word_1_65' title='bbox 272 1036 498 1090; x_wconf 85' lang='lat' dir='ltr'>perniciosa</span> <span class='ocrx_word' id='word_1_66' title='bbox 539 1047 611 1077; x_wconf 88' lang='lat' dir='ltr'>est.</span> <span class='ocrx_word' id='word_1_67' title='bbox 702 1035 912 1091; x_wconf 83' lang='lat' dir='ltr'>Quaenam</span> <span class='ocrx_word' id='word_1_68' title='bbox 957 1035 1027 1076; x_wconf 79' lang='lat' dir='ltr'>hic</span> <span class='ocrx_word' id='word_1_69' title='bbox 1062 1035 1150 1076; x_wconf 89' lang='lat' dir='ltr'>laus</span> 
     </span>
     <span class='ocr_line' id='line_1_14' title="bbox 144 1101 1147 1162; baseline -0.002 -15"><span class='ocrx_word' id='word_1_70' title='bbox 144 1107 357 1148; x_wconf 88' lang='lat' dir='ltr'>tribuenda</span> <span class='ocrx_word' id='word_1_71' title='bbox 383 1108 428 1148; x_wconf 86' lang='lat' dir='ltr'>fit</span> <span class='ocrx_word' id='word_1_72' title='bbox 459 1105 632 1148; x_wconf 80' lang='lat' dir='ltr'>Gallicis</span> <span class='ocrx_word' id='word_1_73' title='bbox 659 1108 808 1148; x_wconf 83' lang='lat' dir='ltr'>nostris</span> <span class='ocrx_word' id='word_1_74' title='bbox 823 1101 1147 1162; x_wconf 81' lang='lat' dir='ltr'>legislatoribus,</span> 
     </span>
     <span class='ocr_line' id='line_1_15' title="bbox 143 1175 1148 1231; baseline -0.003 -12"><span class='ocrx_word' id='word_1_75' title='bbox 143 1190 237 1219; x_wconf 89' lang='lat' dir='ltr'>cum</span> <span class='ocrx_word' id='word_1_76' title='bbox 276 1189 458 1231; x_wconf 83' lang='lat' dir='ltr'>magnam</span> <span class='ocrx_word' id='word_1_77' title='bbox 500 1180 668 1218; x_wconf 89' lang='lat' dir='ltr'>omnino</span> <span class='ocrx_word' id='word_1_78' title='bbox 710 1177 850 1218; x_wconf 86' lang='lat' dir='ltr'>seriem</span> <span class='ocrx_word' id='word_1_79' title='bbox 882 1175 1148 1230; x_wconf 85' lang='lat' dir='ltr'>praesumtio-</span> 
     </span>
     <span class='ocr_line' id='line_1_16' title="bbox 116 1247 1147 1302; baseline -0.003 -14"><span class='ocrx_word' id='word_1_80' title='bbox 116 1256 239 1288; x_wconf 69' lang='lat' dir='ltr'>&#39;num</span> <span class='ocrx_word' id='word_1_81' title='bbox 259 1247 450 1302; x_wconf 84' lang='lat' dir='ltr'>legalium</span> <span class='ocrx_word' id='word_1_82' title='bbox 478 1248 735 1297; x_wconf 79' lang='lat' dir='ltr'>admiserint,</span> <span class='ocrx_word' id='word_1_83' title='bbox 781 1258 926 1300; x_wconf 87' lang='lat' dir='ltr'>postea</span> <span class='ocrx_word' id='word_1_84' title='bbox 965 1258 1147 1299; x_wconf 88' lang='lat' dir='ltr'>expone-</span> 
     </span>
     <span class='ocr_line' id='line_1_17' title="bbox 142 1315 1147 1373; baseline -0.003 -15"><span class='ocrx_word' id='word_1_85' title='bbox 142 1328 261 1368; x_wconf 83' lang='lat' dir='ltr'>mus,</span> <span class='ocrx_word' id='word_1_86' title='bbox 305 1317 465 1372; x_wconf 86' lang='lat' dir='ltr'>quando</span> <span class='ocrx_word' id='word_1_87' title='bbox 507 1318 557 1359; x_wconf 87' lang='lat' dir='ltr'>de</span> <span class='ocrx_word' id='word_1_88' title='bbox 592 1315 992 1373; x_wconf 15' lang='lat' dir='ltr'>lingulisrexemplia</span> <span class='ocrx_word' id='word_1_89' title='bbox 1014 1315 1147 1356; x_wconf 87' lang='lat' dir='ltr'>sermo</span> 
     </span>
     <span class='ocr_line' id='line_1_18' title="bbox 141 1390 661 1429; baseline -0.002 -1"><span class='ocrx_word' id='word_1_90' title='bbox 141 1390 232 1429; x_wconf 88' lang='lat' dir='ltr'>erit.</span> <span class='ocrx_word' id='word_1_91' title='bbox 657 1402 661 1405; x_wconf 90' lang='lat'>·</span> 
     </span>
    </p>

    <p class='ocr_par' dir='ltr' id='par_1_4' title="bbox 139 1457 1148 1656">
     <span class='ocr_line' id='line_1_19' title="bbox 199 1457 1145 1513; baseline -0.003 -14"><span class='ocrx_word' id='word_1_92' title='bbox 199 1458 338 1511; x_wconf 86' lang='lat' dir='ltr'>Atque</span> <span class='ocrx_word' id='word_1_93' title='bbox 366 1460 418 1500; x_wconf 87' lang='lat' dir='ltr'>fic</span> <span class='ocrx_word' id='word_1_94' title='bbox 441 1459 522 1513; x_wconf 86' lang='lat' dir='ltr'>jam</span> <span class='ocrx_word' id='word_1_95' title='bbox 547 1458 676 1499; x_wconf 89' lang='lat' dir='ltr'>statim</span> <span class='ocrx_word' id='word_1_96' title='bbox 704 1459 896 1512; x_wconf 91' lang='lat' dir='ltr'>ponimus</span> <span class='ocrx_word' id='word_1_97' title='bbox 921 1457 1003 1499; x_wconf 89' lang='lat' dir='ltr'>duo</span> <span class='ocrx_word' id='word_1_98' title='bbox 1024 1458 1145 1498; x_wconf 84' lang='lat' dir='ltr'>crite-</span> 
     </span>
     <span class='ocr_line' id='line_1_20' title="bbox 140 1527 1148 1583; baseline -0.003 -13"><span class='ocrx_word' id='word_1_99' title='bbox 140 1530 199 1570; x_wconf 86' lang='lat' dir='ltr'>ria</span> <span class='ocrx_word' id='word_1_100' title='bbox 226 1527 474 1570; x_wconf 87' lang='lat' dir='ltr'>differentiae</span> <span class='ocrx_word' id='word_1_101' title='bbox 499 1529 605 1568; x_wconf 89' lang='lat' dir='ltr'>inter</span> <span class='ocrx_word' id='word_1_102' title='bbox 629 1529 948 1581; x_wconf 85' lang='lat' dir='ltr'>praesumtiones</span> <span class='ocrx_word' id='word_1_103' title='bbox 973 1527 1077 1583; x_wconf 86' lang='lat' dir='ltr'>legis</span> <span class='ocrx_word' id='word_1_104' title='bbox 1105 1537 1148 1568; x_wconf 86' lang='lat' dir='ltr'>et</span> 
     </span>
     <span class='ocr_line' id='line_1_21' title="bbox 139 1598 692 1656; baseline -0.007 -14"><span class='ocrx_word' id='word_1_105' title='bbox 139 1599 461 1656; x_wconf 86' lang='lat' dir='ltr'>praesumtiones</span> <span class='ocrx_word' id='word_1_106' title='bbox 489 1598 692 1639; x_wconf 83' lang='lat' dir='ltr'>hominis:</span> 
     </span>
    </p>

    <p class='ocr_par' dir='ltr' id='par_1_5' title="bbox 143 1667 1399 2208">
     <span class='ocr_line' id='line_1_22' title="bbox 200 1667 1399 1726; baseline -0.002 -15"><span class='ocrx_word' id='word_1_107' title='bbox 200 1670 233 1711; x_wconf 91' lang='lat' dir='ltr'>I.</span> <span class='ocrx_word' id='word_1_108' title='bbox 264 1669 587 1711; x_wconf 82' lang='lat' dir='ltr'>Praesumtiones</span> <span class='ocrx_word' id='word_1_109' title='bbox 630 1668 733 1723; x_wconf 83' lang='lat' dir='ltr'>legis</span> <span class='ocrx_word' id='word_1_110' title='bbox 760 1668 1013 1710; x_wconf 86' lang='lat' dir='ltr'>deducuntur</span> <span class='ocrx_word' id='word_1_111' title='bbox 1039 1680 1062 1709; x_wconf 90' lang='lat' dir='ltr'>a</span> <span class='ocrx_word' id='word_1_112' title='bbox 1088 1667 1146 1708; x_wconf 88' lang='lat' dir='ltr'>le·</span> <span class='ocrx_word' id='word_1_113' title='bbox 1187 1674 1331 1726; x_wconf 60' lang='lat' dir='ltr'>{frimum</span> <span class='ocrx_word' id='word_1_114' title='bbox 1392 1698 1399 1702; x_wconf 85' lang='lat'>-</span> 
     </span>
     <span class='ocr_line' id='line_1_23' title="bbox 143 1722 1347 1796; baseline -0.002 -15"><span class='ocrx_word' id='word_1_115' title='bbox 143 1740 337 1796; x_wconf 86' lang='lat' dir='ltr'>gislatore</span> <span class='ocrx_word' id='word_1_116' title='bbox 366 1752 416 1780; x_wconf 87' lang='lat' dir='ltr'>ex</span> <span class='ocrx_word' id='word_1_117' title='bbox 443 1738 592 1793; x_wconf 85' lang='lat' dir='ltr'>regulis</span> <span class='ocrx_word' id='word_1_118' title='bbox 620 1737 902 1793; x_wconf 83' lang='lat' dir='ltr'>generalibus,</span> <span class='ocrx_word' id='word_1_119' title='bbox 933 1748 1035 1791; x_wconf 82' lang='lat' dir='ltr'>quae</span> <span class='ocrx_word' id='word_1_120' title='bbox 1058 1750 1146 1780; x_wconf 78' lang='lat' dir='ltr'>om·</span> <span class='ocrx_word' id='word_1_121' title='bbox 1161 1722 1347 1756; x_wconf 76' lang='lat' dir='ltr'>emerium.</span> 
     </span>
     <span class='ocr_line' id='line_1_24' title="bbox 143 1807 1145 1863; baseline -0.004 -11"><span class='ocrx_word' id='word_1_122' title='bbox 143 1813 210 1852; x_wconf 86' lang='lat' dir='ltr'>nia</span> <span class='ocrx_word' id='word_1_123' title='bbox 239 1811 347 1852; x_wconf 85' lang='lat' dir='ltr'>facta</span> <span class='ocrx_word' id='word_1_124' title='bbox 373 1810 583 1863; x_wconf 83' lang='lat' dir='ltr'>spectant,</span> <span class='ocrx_word' id='word_1_125' title='bbox 627 1820 729 1861; x_wconf 86' lang='lat' dir='ltr'>quae</span> <span class='ocrx_word' id='word_1_126' title='bbox 764 1807 836 1848; x_wconf 91' lang='lat' dir='ltr'>sub</span> <span class='ocrx_word' id='word_1_127' title='bbox 865 1807 1005 1848; x_wconf 73' lang='lat' dir='ltr'>eadem</span> <span class='ocrx_word' id='word_1_128' title='bbox 1036 1820 1145 1850; x_wconf 82' lang='lat' dir='ltr'>cate-</span> 
     </span>
     <span class='ocr_line' id='line_1_25' title="bbox 147 1877 1150 1936; baseline -0.002 -14"><span class='ocrx_word' id='word_1_129' title='bbox 147 1882 260 1936; x_wconf 67' lang='lat' dir='ltr'>gotia</span> <span class='ocrx_word' id='word_1_130' title='bbox 290 1879 707 1933; x_wconf 86' lang='lat' dir='ltr'>comprehenduntur:</span> <span class='ocrx_word' id='word_1_131' title='bbox 739 1877 1056 1931; x_wconf 82' lang='lat' dir='ltr'>praesumtiones</span> <span class='ocrx_word' id='word_1_132' title='bbox 1079 1891 1150 1920; x_wconf 87' lang='lat' dir='ltr'>au·</span> 
     </span>
     <span class='ocr_line' id='line_1_26' title="bbox 147 1946 1150 2003; baseline -0.002 -11"><span class='ocrx_word' id='word_1_133' title='bbox 147 1953 229 1993; x_wconf 89' lang='lat' dir='ltr'>tem</span> <span class='ocrx_word' id='word_1_134' title='bbox 269 1951 447 1991; x_wconf 90' lang='lat' dir='ltr'>hominis</span> <span class='ocrx_word' id='word_1_135' title='bbox 489 1962 540 1989; x_wconf 84' lang='lat' dir='ltr'>ex</span> <span class='ocrx_word' id='word_1_136' title='bbox 577 1949 816 1990; x_wconf 88' lang='lat' dir='ltr'>auctoritate</span> <span class='ocrx_word' id='word_1_137' title='bbox 839 1946 961 2002; x_wconf 55' lang='lat' dir='ltr'>‘legis</span> <span class='ocrx_word' id='word_1_138' title='bbox 999 1948 1150 2003; x_wconf 86' lang='lat' dir='ltr'>judicis</span> 
     </span>
     <span class='ocr_line' id='line_1_27' title="bbox 146 2019 1149 2075; baseline -0.003 -12"><span class='ocrx_word' id='word_1_139' title='bbox 146 2022 316 2064; x_wconf 82' lang='lat' dir='ltr'>arbitrio</span> <span class='ocrx_word' id='word_1_140' title='bbox 360 2022 414 2061; x_wconf 88' lang='lat' dir='ltr'>ita</span> <span class='ocrx_word' id='word_1_141' title='bbox 457 2019 622 2060; x_wconf 89' lang='lat' dir='ltr'>relictae</span> <span class='ocrx_word' id='word_1_142' title='bbox 659 2020 773 2067; x_wconf 87' lang='lat' dir='ltr'>sunt,</span> <span class='ocrx_word' id='word_1_143' title='bbox 818 2030 863 2059; x_wconf 92' lang='lat' dir='ltr'>ut</span> <span class='ocrx_word' id='word_1_144' title='bbox 905 2019 954 2059; x_wconf 87' lang='lat' dir='ltr'>de</span> <span class='ocrx_word' id='word_1_145' title='bbox 990 2020 1149 2075; x_wconf 86' lang='lat' dir='ltr'>fingulo</span> 
     </span>
     <span class='ocr_line' id='line_1_28' title="bbox 149 2089 1151 2148; baseline -0.004 -13"><span class='ocrx_word' id='word_1_146' title='bbox 149 2094 325 2148; x_wconf 84' lang='lat' dir='ltr'>quodam</span> <span class='ocrx_word' id='word_1_147' title='bbox 366 2090 478 2131; x_wconf 89' lang='lat' dir='ltr'>facto</span> <span class='ocrx_word' id='word_1_148' title='bbox 524 2089 691 2130; x_wconf 87' lang='lat' dir='ltr'>statuere</span> <span class='ocrx_word' id='word_1_149' title='bbox 732 2089 886 2142; x_wconf 75' lang='lat' dir='ltr'>possit,</span> <span class='ocrx_word' id='word_1_150' title='bbox 933 2090 1030 2138; x_wconf 84' lang='lat' dir='ltr'>fitne</span> <span class='ocrx_word' id='word_1_151' title='bbox 1073 2102 1151 2145; x_wconf 88' lang='lat' dir='ltr'>pro</span> 
     </span>
     <span class='ocr_line' id='line_1_29' title="bbox 149 2160 782 2208; baseline -0.005 -5"><span class='ocrx_word' id='word_1_152' title='bbox 149 2176 247 2204; x_wconf 87' lang='lat' dir='ltr'>vero</span> <span class='ocrx_word' id='word_1_153' title='bbox 277 2160 502 2202; x_wconf 88' lang='lat' dir='ltr'>habendum</span> <span class='ocrx_word' id='word_1_154' title='bbox 521 2189 534 2208; x_wconf 87' lang='lat'>‚</span> <span class='ocrx_word' id='word_1_155' title='bbox 565 2172 693 2200; x_wconf 85' lang='lat' dir='ltr'>necne</span> <span class='ocrx_word' id='word_1_156' title='bbox 723 2161 782 2201; x_wconf 88' lang='lat' dir='ltr'>fit.</span> 
     </span>
    </p>

    <p class='ocr_par' dir='ltr' id='par_1_6' title="bbox 159 2216 1353 2343">
     <span class='ocr_line' id='line_1_30' title="bbox 159 2216 1353 2284; baseline -0.006 -9"><span class='ocrx_word' id='word_1_157' title='bbox 159 2245 163 2249; x_wconf 91' lang='lat'>·</span> <span class='ocrx_word' id='word_1_158' title='bbox 207 2232 260 2274; x_wconf 85' lang='grc' dir='ltr'>ΙΙ.</span> <span class='ocrx_word' id='word_1_159' title='bbox 291 2231 608 2274; x_wconf 85' lang='lat' dir='ltr'>Praesumtiones</span> <span class='ocrx_word' id='word_1_160' title='bbox 647 2221 750 2284; x_wconf 71' lang='lat' dir='ltr'>legis</span> <span class='ocrx_word' id='word_1_161' title='bbox 790 2216 824 2269; x_wconf 77' lang='lat' dir='ltr'>a</span> <span class='ocrx_word' id='word_1_162' title='bbox 852 2227 1084 2284; x_wconf 88' lang='lat' dir='ltr'>legislatore</span> <span class='ocrx_word' id='word_1_163' title='bbox 1108 2243 1156 2272; x_wconf 86' lang='lat' dir='ltr'>ea</span> <span class='ocrx_word' id='word_1_164' title='bbox 1189 2232 1353 2268; x_wconf 83' lang='lat' dir='ltr'>Alterum.</span> 
     </span>
     <span class='ocr_line' id='line_1_31' title="bbox 1059 2313 1155 2343; baseline 0 -1"><span class='ocrx_word' id='word_1_165' title='bbox 1059 2313 1155 2343; x_wconf 84' lang='lat' dir='ltr'>auc·</span> 
     </span>
    </p>
   </div>
  </div>
 </body>
</html>
