1513 2734
606 154 826 211 (9)

152 295 314 347 studiis,
345 306 512 349 eamque
541 307 622 337 non
651 299 781 338 minus
809 293 1124 344 venerabantur,
1156 305 1277 348 quam

149 378 388 439 religionem
417 378 660 421 Orientale-s.
721 379 820 420 Erat
856 377 962 432 apud
993 390 1064 419 eos
1092 376 1277 419 Philoso-

148 461 244 514 phia
285 462 401 503 vitae
437 462 552 512 dux,
598 464 815 517 magistra
853 462 1081 510 veritatis,
1138 461 1277 516 legum

149 544 400 594 inventrix,
431 546 607 587 virtutis
631 546 918 601 indagatrix,
961 545 1186 598 expultrix
1215 544 1278 584 vi·

148 627 318 669 tiorum.
380 628 585 682 Inquirere
628 631 666 669 iu
704 642 766 670 res
805 629 956 670 divinas
987 640 1027 668 et
1057 629 1277 675 humanas,

148 710 304 751 caussas
346 724 480 752 rerum
519 712 758 765 explorare,
804 712 1027 765 disceptare
1068 711 1116 752 de
1153 711 1201 751 iis
1237 711 1278 750 in

148 804 356 847 utramque
394 806 577 847 partem,
624 795 704 835 hoc
741 796 921 835 omnium
951 796 1122 835 maxime
1153 794 1280 834 Grae-

148 877 206 918 cis
246 868 454 930 placebatss
523 876 713 918 Romani
755 877 912 917 tandem
943 876 1126 930 politicis
1157 876 1279 916 duce-

148 959 293 1000 bantur
350 960 499 1000 studiis.
590 959 689 1014 Quo
733 962 838 1000 enim
884 960 1134 1001 habebantur
1173 957 1281 1012 apud

151 1041 379 1083 Orientales
416 1043 677 1091 Sacerdotes,
724 1042 830 1094 apud
857 1042 1039 1083 Graecos
1092 1040 1279 1082 Philoso-

151 1125 245 1178 phi,
288 1138 339 1165 co
372 1125 655 1178 Jurisconsulti
683 1124 840 1164 Romae
872 1124 1122 1165 invaluerunt
1148 1124 1280 1164 hono-

150 1220 207 1248 re.
267 1206 470 1248 Practicas
513 1207 725 1248 facultates
763 1207 1029 1248 excoluerunt
1072 1206 1280 1256 Romani3

148 1290 198 1331 ad
227 1291 331 1331 vitae
360 1290 473 1332 usum
504 1290 656 1345 fingula
681 1290 930 1340 retulerunt3
979 1290 1128 1345 Gracci
1168 1292 1280 1344 inge-

148 1375 204 1414 nii
243 1373 434 1415 delectati
477 1372 566 1414 sunt
613 1376 811 1415 acumine.
894 1373 1068 1416 Politica
1121 1371 1282 1415 Numae

146 1457 360 1510 prudentia
403 1456 518 1512 Deos
560 1458 600 1497 in
643 1458 846 1498 civitatem
885 1457 1069 1506 induxitt,
1111 1457 1284 1511 politica

147 1540 365 1582 Ciceronis
407 1539 895 1594 aliorumque'sapientia
935 1554 1104 1596 augures
1144 1553 1185 1581 et
1214 1555 1282 1582 au-

128 1625 262 1678 'gutia
290 1623 572 1674 conservavitz,
618 1624 814 1678 politicae
844 1625 1002 1666 tandem
1047 1624 1282 1678 prudentiae

149 1720 253 1759 ope,
280 1706 562 1762 Romanorum
614 1720 706 1749 cum
759 1708 1035 1749 constituenda
1077 1708 1285 1750 videbatur

148 1789 428 1844 Respublica,
474 1803 557 1831 tum
583 1790 804 1845 regundum
837 1790 1070 1843 Imperium.

207 1872 324 1928 Quae
368 1885 498 1914 autem
535 1855 767 1926 peculiaris
791 1874 869 1915 fuit
895 1876 1115 1928 antiquitus
1144 1875 1283 1915 harum

150 1959 326 2011 gentium
382 1957 566 2006 indoles,
625 1957 789 1998 eandem
831 1958 951 1998 nobis
996 1958 1297 1999 observandam<

109 2057 113 2061 ·
148 2039 316 2092 praebet
358 2039 576 2081 Societatis
615 2040 869 2082 Christianae
901 2041 1083 2081 historia·
1143 2041 1281 2096 Quae-

146 2133 307 2176 cunque
360 2122 592 2164 exstitezunt
633 2124 674 2163 in
718 2123 888 2165 Oriente
938 2124 1097 2173 sectae,
1149 2138 1283 2168 rerum

147 2205 377 2247 sublimium
407 2205 702 2260 profitebantur
725 2208 1022 2263 cognitionem.
1081 2207 1151 2250 De
1172 2208 1283 2249 Aeo-

1223 2304 1247 2331 n
1254 2293 1283 2331 i-
