1513 2734
534 149 758 208 (29)

105 288 195 332 Ex
232 290 283 331 iis
322 301 487 340 autem,
530 301 633 345 quae
676 290 888 343 hucusque
928 287 1203 342 disputaverat

69 357 374 410 Tertullianus,
420 361 518 414 quin
558 361 715 402 summo
756 361 844 414 jure
883 356 1090 408 effecerit,
1129 358 1206 399 *illa

71 430 240 471 crimina
268 430 352 471 sola
393 431 598 473 mendacis
643 430 770 472 famae
805 429 1046 469 auctoritate
1082 427 1206 468 fuisse

72 499 223 553 sparsa,
253 500 346 553 quis
360 499 548 544 dubitat?
579 499 708 556 Quod
721 509 852 539 tamen
869 498 1068 539 efficacius
1084 499 1205 538 etiam

71 569 302 611 adversariis
330 558 567 623 persuadere
592 580 776 613 conatur.
837 568 1045 608 Oratione
1068 569 1206 616 enim,

73 637 258 679 sensuum
298 637 544 680 subhmitate
583 640 704 680 unice
741 638 990 691 conspicua,
1026 649 1209 679 naturam

75 708 289 750 humanam
318 708 369 749 ab
399 708 613 750 infantium
640 720 742 750 nece
788 707 1081 762 Thyesteisque
1110 720 1210 761 epu-

73 775 127 819 lis
180 790 227 819 ac
276 779 430 818 incesta
467 777 638 821 libidine
678 791 808 831 usque
854 791 907 819 eo
959 779 1211 826 abhorrere,

74 847 316 897 contendit,
361 858 407 888 ut
442 848 493 888 ab
536 850 586 890 iis
612 848 678 890 vel
707 859 792 889 turn
818 846 1095 888 abstinendum
1125 845 1213 886 esse

74 928 260 972 putaret,
305 929 399 959 cum
427 917 573 961 horum
615 919 846 960 facinorum
885 916 1064 966 summa,
1109 926 1216 970 quae

74 987 302 1041 excogitari
318 986 445 1039 posfit
460 1017 474 1037 ‚
506 1000 663 1029 merces
676 988 1005 1042 promitteretur,
1037 988 1122 1040 ipsa
1136 985 1216 1026 sci-

75 1054 176 1098 licet
195 1058 279 1097 vita
304 1068 479 1099 aeterna.
510 1086 541 1110 ,‚
569 1057 675 1100 Veni
693 1058 739 1108 ,⁹⁹
769 1059 933 1112 inquit,
964 1086 993 1110 „
1023 1056 1225 1109 demerges

77 1156 108 1182 ‚‚
138 1126 288 1168 sermm
310 1128 351 1168 in
379 1127 600 1178 infantem,
631 1127 781 1169 nullius
796 1128 1034 1176 inimicum,
1062 1123 1216 1166 nullius

80 1225 110 1250 ,‚
138 1208 278 1246 reum,
309 1199 490 1239 omnium
519 1197 648 1240 filium
666 1195 781 1251 (1):,
804 1196 870 1236 vel
894 1197 920 1237 fi
942 1193 1105 1235 alterius
1131 1194 1218 1236 offi-

79 1295 111 1319 ‚,
141 1268 251 1308 cium
292 1278 382 1318 est,
423 1280 466 1309 tu
494 1267 622 1309 modo
644 1267 786 1308 adfiste
813 1265 1003 1306 morienti
1031 1264 1217 1312 homini,

80 1366 113 1391 „
139 1349 355 1392 antequam
381 1340 513 1389 vixit;
544 1338 771 1394 fugientem
791 1337 963 1376 animam
985 1346 1134 1376 novam
1148 1345 1218 1375 ex-

82 1405 113 1462 „
142 1406 308 1461 specta,
339 1409 486 1461 excipe
526 1408 666 1449 rudem
692 1405 923 1460 sanguinem
941 1436 955 1455 ,
997 1417 1050 1446 eo
1073 1415 1220 1459 panem

83 1507 114 1531 „
144 1488 256 1519 tuum
286 1476 410 1517 satia:
440 1489 605 1518 vescere
631 1477 820 1517 libenter.
858 1474 1016 1516 Interea
1042 1474 1220 1514 discum·

83 1575 114 1600 ,‚
142 1547 243 1588 bens
258 1544 597 1596 dinumeraloca,
629 1546 862 1592 ubimater,
892 1543 963 1584 ubi
981 1542 1225 1593 soror;.no-

84 1645 115 1669 ,‚
144 1628 184 1657 ta
211 1616 457 1670 diligenter,
488 1626 554 1664 ut,
586 1626 681 1656 cum
711 1614 902 1654 tenebrae
918 1612 1140 1653 ceciderint
1155 1625 1223 1653 ca-

86 1715 116 1740 „
143 1688 289 1734 ninae,
320 1697 401 1725 non
433 1695 576 1724 erres..
614 1680 825 1724 Piaculum
853 1683 962 1722 enim
990 1683 1224 1731 admiseris,

86 1784 117 1810 „
144 1757 215 1798 nisi
242 1756 441 1796 incestum
472 1753 635 1794 feceris.
695 1748 813 1792 Talia
842 1751 1022 1793 initiatus
1053 1763 1094 1792 et
1123 1763 1224 1794 con-

86 1855 116 1879 „
146 1827 319 1880 fignatus
331 1825 434 1865 vivis
449 1824 489 1863 in
504 1835 664 1864 aevum.
694 1819 865 1873 Cupio,
893 1820 1165 1872 respondeas,
1196 1822 1225 1864 fi

87 1923 118 1950 „
146 1897 247 1937 tanti
261 1894 474 1937 aeternitas
485 1892 536 1935 ?”
547 1889 628 1947 (2)
651 1889 767 1947 Quid
779 1889 989 1932 adversarii
1001 1890 1227 1946 responsuri

1137 1960 1228 2005 fue·

136 2063 201 2112 (ι)
226 2065 361 2110 Quippe
377 2090 388 2107 ,
411 2065 455 2100 de
476 2066 572 2110 impia
589 2063 850 2100 adversariomm
872 2063 1054 2106 sententia,
1078 2071 1123 2098 ex
1147 2071 1230 2108 pro·

94 2123 223 2158 miscuo
244 2123 401 2166 conjugio
423 2125 559 2161 natum..

139 2177 204 2225 (α)
228 2179 262 2216 h.
288 2187 321 2215 e.
349 2186 459 2215 utrum
487 2180 566 2216 tanti
594 2179 721 2216 feceris
742 2179 841 2215 vitam
858 2186 1043 2219 aeternam,
1077 2178 1229 2229 necne?
