1513 2734
550 146 802 203 (121)

129 297 171 325 to
205 283 356 332 modO,
400 285 643 329 adsumimus
683 289 833 337 etiam,
878 285 973 327 duas
1013 286 1117 326 vires
1149 297 1240 338 per-

129 355 444 408 pendiculariter
470 357 510 396 in
540 355 578 396 se
607 369 799 413 agentes,
843 356 989 397 habere
1016 356 1098 396 vim
1129 366 1244 395 com-

127 427 325 479 positam,
373 439 474 480 quae
518 429 794 482 magnitudine
832 439 872 467 et
911 426 1136 475 directione
1183 437 1246 465 re-

129 496 403 549 praesentatur
443 496 656 552 diagonale
694 496 945 553 rectanguli:
976 497 1079 537 ratio
1115 506 1249 535 autem

130 580 209 620 qua
248 567 329 608 hoc
377 568 574 620 probatur
610 569 810 623 ejusmodi
849 578 938 616 est,
991 579 1092 619 quae
1131 567 1253 606 etiam
1286 598 1288 601 ,

131 636 287 685 valeat,
343 638 505 690 quando
572 640 677 679 vires
732 651 815 679 non
868 635 1255 690 perpendiculariter

133 705 199 746 sed
229 706 397 759 oblique
427 708 468 746 in
498 708 536 748 se
568 709 742 750 invicem
774 719 925 762 agunt,
973 706 1111 760 (quod
1147 695 1256 758 opti-

133 788 198 816 me
239 788 261 815 e
291 775 684 818 Newtoniana
726 778 1064 818 demonstratione
1106 773 1268 835 intelli·⁶

133 844 295 901 glum)
341 859 592 900 quapropter
639 849 678 887 in
719 847 794 887 hac
824 859 866 887 re
895 858 976 886 non
1003 857 1064 885 est
1090 856 1260 897 antepo-

133 915 276 956 nenda.
348 914 504 970 Quodsi
534 917 786 958 attendamus
812 917 862 957 ad
891 916 1188 969 finiplicitatem
1218 924 1259 953 et

134 985 429 1040 intelligentiae
457 987 694 1028 facilitatem
712 1018 725 1037 ,
756 987 866 1027 nulla
896 987 980 1027 fere
1018 984 1260 1026 demonstra-

138 1057 199 1096 tio
217 1055 476 1108 praestantior
503 1057 672 1097 habetur
689 1087 702 1106 ‚
734 1069 854 1110 quam
885 1069 954 1104 ea,
991 1068 1093 1109 quae
1118 1068 1140 1094 a
1167 1054 1259 1094 Va-

139 1126 268 1181 rign
286 1127 424 1166 onio
449 1128 681 1180 excogitata
708 1139 792 1168 est:
827 1140 871 1167 ea
898 1128 1004 1167 enim
1021 1125 1144 1166 nullis
1162 1138 1261 1167 con-

139 1195 446 1238 fidet-:itionibus
476 1195 615 1235 alienis
642 1199 869 1250 permixta,
916 1208 1008 1237 cum
1039 1197 1097 1236 rei
1127 1207 1265 1236 natura

141 1265 206 1306 vel
242 1267 413 1306 maxime
442 1268 667 1317 convenit,
713 1267 888 1321 ideoque
918 1279 969 1308 ex
1011 1266 1124 1308 fonte
1165 1279 1262 1321 pro-

142 1337 307 1391 pinquo
335 1337 462 1391 petita
486 1347 560 1378 est.

658 1480 683 1533 §
716 1479 769 1523 Π.

146 1616 362 1674 Exposz'tio
401 1629 442 1661 et
469 1620 734 1674 comparatio
763 1618 1074 1670 methodorum,
1120 1619 1269 1675 quihus

191 1690 461 1743 principium
493 1688 792 1745 compositionis
823 1691 1014 1737 virium,
1053 1700 1131 1732 aut
1158 1704 1212 1733 ex

259 1760 515 1815 aeqztilibrii
529 1770 723 1812 natura,
753 1771 833 1803 aut
859 1776 914 1804 ex
939 1759 1034 1816 ipsa
1055 1770 1165 1803 cam

336 1826 393 1884 fa
427 1827 597 1884 effectas
613 1860 626 1881 ,
655 1831 985 1889 demonstratum
1009 1841 1084 1873 est.

205 1969 299 2011 XII.
332 1970 599 2025 Quamquam
631 1974 814 2021 nemini,
843 1983 888 2013 ut
931 1973 1108 2025 opinor,
1155 1972 1272 2025 supe-

149 2041 278 2080 riores
305 2040 665 2084 demonstrationes
701 2042 976 2096 intelligenti,
1005 2042 1172 2083 dubium
1200 2042 1273 2083 ali-

151 2111 253 2164 quid
293 2110 562 2165 relinquitur,
607 2115 704 2166 quin
761 2114 907 2155 virium
966 2114 1275 2168 compositionis

149 2181 400 2235 principium
445 2193 583 2226 verum
622 2185 697 2236 fit,
755 2195 888 2227 tamen
929 2183 1138 2228 nonnullis
1176 2184 1275 2226 tales

1207 2254 1275 2296 de-
