1513 2734
674 144 927 201 (124)

239 280 390 334 politio
426 281 545 321 etiam
584 281 849 325 demonstrata
879 296 969 334 θεῖς
1006 280 1074 324 sed
1113 281 1246 332 ratio,
1277 293 1357 335 qua

236 348 337 389 haec
394 348 680 392 demonstratio
718 353 934 395 instituitur
981 352 1217 393 indirectior
1257 363 1348 400 est,

233 432 354 472 quarn
394 420 420 460 fi
450 422 578 461 vectis
621 424 914 476 proprietatem
957 421 1270 464 demonstramus
1304 433 1358 462 ex

235 489 535 542 compositione
553 492 726 542 virium,
759 493 1085 548 quandoquidem
1113 494 1241 532 vectis
1257 503 1354 544 pro-

235 560 385 610 prietas
428 560 468 599 in
510 573 656 614 genere
691 563 793 605 nihil
834 564 943 605 aliud
974 575 1062 611 est,
1096 575 1215 615 quam
1243 572 1358 602 com-

233 629 383 680 positio
413 629 575 670 duarum
605 631 748 674 virium
780 634 830 674 ad
861 633 1015 674 diversa
1044 643 1200 686 puncta
1236 641 1358 685 agen-

236 700 366 749 tium,
411 713 512 754 quae
549 703 795 754 compositio
823 702 993 744 naturali
1012 702 1144 744 >modo
1173 699 1354 741 absolvi-

242 780 306 810 tur
344 783 423 823 ope
465 772 660 826 principii
689 773 1001 826 compositionis
1040 773 1217 820 virium,
1262 782 1360 824 qua-

233 851 400 892 cunque
439 841 481 880 in
532 841 759 883 directione
801 844 1035 897 agentium,
1082 855 1176 884 cum
1228 851 1360 882 tamen

237 909 434 950 auxilium
473 913 602 952 vectis
637 912 838 966 angularis
877 914 919 953 in
945 912 1244 966 compofitione
1265 910 1361 951 dua-

237 991 327 1019 rum
358 979 531 1028 virium,
560 981 610 1021 ad
632 982 739 1021 idem
776 993 973 1034 punctum
1001 983 1234 1035 agentium,
1264 978 1362 1019 alie-

236 1060 335 1088 num
373 1049 567 1091 videatur.
615 1075 660 1084 -
703 1048 848 1105 Ergo,
897 1052 1080 1105 quamvis
1108 1051 1359 1105 objiciatur,

235 1117 618 1161 demonstrationem
645 1123 907 1175 proprietatis
921 1123 1072 1171 vectis,
1093 1133 1143 1162 ex
1160 1121 1361 1174 compost-

237 1189 362 1229 tionis
397 1190 633 1242 principio,
661 1203 744 1231 non
774 1191 933 1241 valere,
966 1192 1160 1244 quoniam
1191 1190 1301 1248 hoc,
1334 1190 1360 1230 fi

237 1258 392 1311 absque
432 1259 675 1312 aequilibrio
715 1261 781 1302 sed
823 1275 846 1301 e
903 1273 1018 1302 motu
1071 1259 1363 1302 demonstretur

237 1327 527 1381 imperfectum
555 1341 645 1379 est,
682 1341 813 1371 tamen
841 1343 930 1373 eam
953 1331 1274 1384 anteponendam
1300 1341 1363 1370 es-

241 1397 283 1438 se
319 1399 473 1439 arbitor
511 1399 840 1442 demonstrationi
869 1401 1183 1456 compositionis
1217 1401 1364 1447 virium

246 1470 418 1524 e-vectis
455 1473 735 1524 proprietate,
761 1473 954 1525 quoniam
982 1471 1052 1511 illa
1079 1468 1366 1510 demonstratio

243 1552 338 1582 cum
365 1540 604 1582 indirectior
630 1554 719 1592 est,
759 1553 842 1581 tum
872 1543 1022 1591 etiam,
1060 1551 1104 1580 ut
1134 1540 1174 1579 in
1211 1538 1366 1579 Anno-

245 1622 441 1652 TATIONE
464 1610 524 1651 ΠΙ
553 1610 782 1652 videbimus
799 1640 812 1658 ‚
844 1612 959 1650 omni
988 1611 1123 1664 rigore
1152 1619 1194 1648 et
1219 1606 1367 1649 diluci-

244 1681 369 1722 ditate
397 1680 559 1722 difficile
585 1681 706 1721 etiam
741 1680 953 1733 probatur.

303 1750 401 1792 XV«
431 1750 539 1791 Inter
565 1751 814 1791 recentiores
845 1749 913 1791 Cl.
945 1749 1154 1804 Monge
1182 1747 1369 1802 praebuit

245 1821 656 1877 demonstrationem,
700 1822 829 1862 vectis
863 1820 1111 1872 proprietate
1156 1820 1276 1859 etiam
1306 1818 1368 1861 ni-

242 1905 426 1942 tentem,
467 1903 568 1945 quae
598 1902 732 1932 autem
762 1891 890 1945 magis
916 1890 1074 1932 accedit
1104 1889 1155 1931 ad
1191 1890 1371 1944 rigorem

249 1963 607 2005 Mathematicum.

307 2033 397 2074 Sint
423 2028 506 2071 ΕΡ
535 2042 575 2071 et
604 2026 694 2068 GP
724 2027 844 2084 (Εἰς.
888 2027 957 2083 5.)
996 2029 1242 2070 directiones
1274 2028 1370 2068 viri-

247 2117 317 2145 um
345 2103 552 2151 datarum
584 2101 738 2154 fintque
763 2096 849 2139 BP
887 2111 928 2141 et
967 2096 1046 2138 ΑΡ
1079 2100 1369 2153 proportiona-

251 2174 310 2216 les
339 2172 630 2215 intenfitatibus
652 2182 819 2223 earum3
865 2169 1116 2214 construatur
1155 2167 1370 2225 parallelo-

1238 2249 1370 2295 gram-
