1513 2734
747 174 944 229 (4)

275 310 395 359 dam3
434 321 574 350 verum
606 321 651 350 ut
680 309 807 363 ipsam
836 325 1002 366 quoque
1031 326 1113 354 rem
1155 313 1342 366 penitus,
1386 315 1414 356 ss

273 380 426 432 possit,
470 378 726 432 perscruter,
782 392 873 431 et„
899 383 998 436 quid
1051 383 1320 433 dissimulem,
1369 394 1416 424 ut

271 449 445 501 palmam
471 450 720 502 propositam
747 450 904 503 assequi
948 452 1138 493 studeam.
1198 452 1326 508 Quod
1352 453 1415 493 ul-

273 519 444 567 timum,
477 518 575 559 licet
604 521 734 560 minus
762 519 940 562 feliciter
969 522 1214 576 contigerit,
1244 523 1413 576 impenfi

272 598 404 627 tamen
446 587 598 630 laboris
641 588 732 630 satis
775 592 910 645 magni
941 604 1147 645 nunquam
1181 603 1246 632 me
1271 593 1414 646 poeni-

273 659 390 698 tebit.

330 727 595 782 Quaestionis
639 730 765 784 igitur
803 729 999 771 sententia
1041 730 1140 771 mihi
1181 730 1280 773 haec
1325 743 1413 772 est:

270 798 510 838 exhibeatur
556 812 743 840 accurata
774 800 1031 851 ‹compofitio
1090 812 1280 852 aquarum
1324 801 1414 854 plu-

269 869 387 916 viae,
420 867 628 909 fluminum
657 880 696 909 et
727 868 937 916 fontium,
969 868 1072 908 intra
1101 879 1142 908 et
1172 870 1280 910 cirea
1311 870 1414 911 hanc

269 939 411 978 urbem
448 939 797 987 inveniendarum,
842 949 883 978 et
909 939 1042 987 ratio,
1091 951 1168 991 qua
1211 940 1310 981 haec
1355 941 1414 980 in-

270 1009 396 1048 veniri
423 1008 571 1061 posfit‚
603 1009 817 1050 indicetur.
878 1006 944 1047 Ex
961 1007 1023 1048 his
1050 1008 1268 1051 secundum
1299 1022 1414 1062 prae-

268 1089 387 1130 cepta
414 1078 617 1132 generalia
639 1068 881 1126 deducatur²
914 1090 1109 1131 quaenam
1134 1078 1276 1120 harum
1292 1085 1413 1132 a‘qua-

267 1161 355 1188 rum
382 1150 500 1201 potui
531 1148 988 1202 quotidianojnservire
1015 1148 1188 1189 maxime
1219 1138 1410 1202 posfint‚

267 1230 464 1271 quaenam
490 1219 529 1257 in
559 1219 710 1258 artibus
739 1217 1007 1271 quibusdam,
1039 1217 1107 1259 hic
1128 1218 1302 1259 excultis
1321 1217 1410 1272 (re-

267 1287 401 1340 liquae
428 1288 494 1328 hic
520 1300 603 1328 non
632 1289 672 1327 in
703 1288 865 1328 censum
894 1288 1086 1335 veniunt,
1125 1299 1258 1340 neque
1287 1287 1411 1329 facile

267 1369 410 1409 aquam
450 1356 568 1409 hujus
611 1356 748 1406 urbis,
795 1355 821 1395 fi
862 1355 967 1396 forte
1010 1355 1154 1396 melior
1178 1357 1252 1405 fit,
1288 1358 1407 1411 cujus

268 1427 337 1468 vix
368 1438 444 1470 una
469 1427 613 1473 eausa,
657 1427 698 1465 in
729 1425 906 1466 disfitum
947 1424 1087 1465 locum
1115 1425 1316 1466 arcessant
1350 1439 1412 1467 ar·

271 1494 454 1547 dfices),
501 1495 656 1536 summo
686 1507 779 1534 cum
821 1485 957 1535 fructu
1000 1494 1181 1535 adhiberi
1220 1495 1407 1548 possint,

270 1578 464 1619 quaenam
494 1566 647 1612 minus,
679 1576 870 1617 quaenam
900 1565 1068 1605 omnino
1094 1565 1166 1606 fint
1191 1565 1404 1616 vitandae;

271 1636 404 1683 ratio,
438 1634 492 1673 ob
522 1646 671 1686 quam,
705 1633 819 1674 fimul
851 1633 1065 1681 indicetur.

328 1704 491 1758 Quibus
530 1704 653 1758 igitur
693 1702 980 1752 consideratu,
1029 1693 1103 1744 hae
1125 1705 1282 1745 ratione
1319 1718 1409 1746 rem
1472 1739 1475 1743 ,

272 1774 566 1829 aggrediemur.

329 1843 362 1884 l.
409 1842 611 1883 Universo
664 1841 785 1883 titulo
830 1842 982 1884 Partis
1028 1841 1289 1897 Analyticae
1339 1843 1409 1885 illa

271 1912 695 1966 comprehendentur,
728 1924 829 1964 quae
865 1911 1039 1964 analyfin
1066 1924 1257 1966 aquarum
1296 1913 1408 1968 spec-

273 1995 370 2024 tant.
431 1981 512 2022 Hic
543 1983 667 2036 igitur

335 2052 396 2093 10.
427 2052 654 2093 Methodus
671 2053 746 2092 erit
774 2051 1011 2100 indicanda,
1045 2051 1260 2094 secundum
1287 2065 1408 2105 quam

271 2123 421 2164 institui
473 2134 609 2175 potest
645 2133 685 2162 et
728 2122 848 2163 debet
888 2120 1067 2173 analyfis.
1129 2120 1246 2175 Quae
1284 2123 1406 2175 inter-

271 2193 366 2235 dum
391 2194 591 2247 expofitio
620 2206 643 2234 a
681 2193 810 2248 scopo
853 2193 1066 2248 propofito
1105 2191 1266 2248 quidem
1292 2192 1406 2232 aber-

1345 2271 1404 2301 ra-

1510 374 1513 392 A

1511 409 1513 433 1
