1513 2734
695 125 727 180 .(
788 129 926 182 30)

301 264 363 307 Ut
390 264 514 318 igitur
538 262 727 307 materiae
743 291 757 312 ‚
790 263 1025 304 mechanice
1053 274 1206 305 tantum
1248 277 1375 319 aquae

243 335 499 380 combinatae
516 363 530 383 ‚
573 331 687 384 separ
714 343 832 383 ntur,
876 333 1059 374 filu-anda
1096 345 1157 374 est
1185 335 1268 389 ipsa
1294 335 1373 376 sae-

242 408 360 461 pius,
392 415 432 449 et
459 405 486 445 fi
512 401 668 443 notabil
713 402 912 445 collectae
942 403 1092 444 fuerint
1126 405 1376 458 quantitate,

240 475 378 531 pulvis
431 472 740 527 ponderandus,
799 462 903 524 aqua
956 485 1056 525 pura
1097 485 1139 514 et
1185 475 1378 525 alcohole

238 543 498 592 abluendus,
540 542 632 583 dein
656 554 698 583 et
726 542 888 586 aethere
920 541 1158 595 sulphurico
1187 556 1228 584 et
1255 544 1380 588 acidis

242 615 360 658 valde
388 613 526 655 dilutis
553 613 765 654 tentandus
780 635 802 662 ‚v
839 623 885 653 ut
927 612 977 653 ad
1003 613 1090 666 ejus
1117 625 1294 654 naturam
1325 615 1380 655 fic

187 742 190 746 Ι
241 687 538 743 perveniamus.
611 682 721 737 Quia
747 692 879 722 autem
909 682 1145 726 substantiae
1180 683 1272 725 illae
1299 693 1382 731 ‘tam

241 758 391 811 exigua
416 755 539 806 copia
563 752 803 806 plerumque
828 751 952 791 adfint
968 783 981 803 ,
1013 763 1054 791 et
1084 754 1179 806 quia
1205 750 1382 807 plerum-

241 839 329 882 vque
349 836 422 867 aut
449 823 534 865 fere
562 822 720 877 semper
746 823 835 863 sunt
864 822 1115 876 vegetabiles
1132 853 1145 872 ‚
1190 836 1258 874 aut
1298 826 1384 881 ani-

245 895 401 945 maleS,
433 906 534 947 qnae
561 905 613 933 ne
640 893 846 933 minimam
873 891 1037 944 quidem
1065 894 1269 934 actionem
1298 894 1384 933 sen-

247 966 404 1008 fibilem
439 963 507 1004 tali
547 963 770 1015 quantitate
808 962 849 1000 in
891 963 1178 1003 oeconomiam
1216 975 1386 1004 exerunt

244 1034 490 1084 animalem,
523 1032 665 1073 sufficit
691 1030 839 1089 scire,
865 1041 999 1075 utrum
1027 1031 1181 1081 adssnt,
1212 1031 1288 1072 nec
1317 1046 1383 1073 ne.

247 1104 343 1149 Nos
372 1105 413 1145 in
440 1101 688 1152 instituendis
726 1101 876 1142 nostris
918 1099 1173 1153 analyfibUS,
1215 1113 1397 1155 propter¹

245 1177 427 1219 rationes
453 1173 677 1222 indicam,
709 1170 780 1213 has
809 1172 940 1222 minus
963 1170 1235 1225 spectabimus
1251 1200 1264 1221 ,
1297 1171 1384 1222 sed,

236 1248 279 1292 >fi
305 1245 530 1293 adfuerint,
558 1242 842 1283 indicabimus.

309 1317 453 1369 Aquae
490 1315 627 1366 itaque
658 1323 803 1354 coctae
824 1311 1072 1354 ”instillentur
1099 1313 1302 1365 reagentia
1329 1310 1387 1360 se-

254 1384 432 1425 cundum
487 1383 725 1424 methodum
785 1393 902 1424 antea
955 1381 1207 1430 exhibitam,
1263 1392 1385 1434 atque

254 1453 522 1506 aliquomodo
543 1453 625 1507 jam
652 1465 952 1507 cognoscemus
979 1464 1154 1505 corpora
1195 1464 1297 1504 aqua
1324 1450 1388 1504 so-

255 1521 353 1564 luta.
848 1518 852 1523 '

316 1592 376 1633 Ut
417 1591 564 1633 horum
607 1592 847 1644 quantitates
893 1589 1234 1639 determinentur,
1279 1600 1390 1630 certa

257 1675 384 1717 aquae
438 1663 637 1715 quantitas
654 1691 667 1710 ,
719 1660 770 1701 ad
811 1661 1021 1701 minimum
1066 1660 1202 1700 liti-um
1219 1689 1232 1708 ,
1280 1658 1389 1699 lente

258 1743 500 1784 evaporatur
543 1731 568 1784 ζ
578 1729 623 1782 1)
665 1732 706 1771 in
743 1729 833 1770 vase
861 1740 1084 1784 argenteo,
1131 1743 1284 1783 cupreo
1314 1730 1389 1769 ob-

261 1803 468 1853 stannato,
511 1812 577 1842 aut
622 1799 911 1855 poi-cellaneo‚
968 1801 1146 1855 margine
1186 1800 1299 1849 alto,
1339 1811 1390 1839 ne

1301 1882 1391 1922 par-

307 1981 371 2031 (1)
404 1984 526 2020 Differt
553 1983 635 2019 haec
654 1983 812 2027 quantitas
828 2007 839 2024 ‚
875 1983 926 2017 uti
962 1980 1178 2027 facile‘patet
1204 1991 1267 2025 pro
1291 1967 1391 2024 qnan-

264 2043 356 2076 titate
388 2050 423 2076 et
456 2042 605 2084 pondere
645 2049 822 2084 corporum
852 2047 1111 2081 contentorum,
1149 2049 1271 2083 quare,
1303 2039 1326 2073 fi
1354 2038 1391 2073 fit

264 2100 411 2139 minima,
435 2099 538 2142 maj0r
559 2107 661 2143 aquae
677 2101 836 2140 quantitas
860 2095 1123 2139 estadhibend23
1147 2096 1234 2132 idem
1251 2095 1293 2131 de
1308 2083 1391 2140 pon-

263 2155 346 2190 dere
370 2157 470 2192 valet.
1364 2159 1367 2164 '
