1513 2734
504 151 817 212 .(169)

127 297 280 346 tionem
310 295 547 348 praeberent
575 295 679 335 vires
706 293 841 342 datae,
871 291 912 332 in
942 283 1167 342 directione
1193 284 1256 328 vis

129 365 408 420 compositae,
440 364 553 406 usum
584 364 733 406 calculi
764 360 974 416 Integralis
1000 360 1155 408 evitat,
1198 359 1260 411 ip-

128 435 286 489 {iusque
329 433 476 476 calculi
505 434 827 482 Differentialis,
867 443 917 471 ne
956 431 1156 485 principia
1193 438 1263 468 aut

129 506 289 561 regulas
320 506 511 559 quidem,
539 506 579 544 in
607 504 801 545 auxilium
841 513 989 551 vocat,
1037 500 1103 540 sed
1145 498 1265 552 huJus

131 573 306 623 calculi,
358 574 535 630 generali
565 585 715 614 tantum
747 573 1019 613 Theoremate
1048 572 1187 611 utitur.
1218 590 1268 601 -

136 643 295 698 igitur,
327 646 507 697 quamvis
538 645 712 698 singulae
730 643 1087 684 demonstrationes
1104 638 1266 693 propri-

132 716 167 755 is
221 713 442 768 elegantiae
499 714 685 754 laudibus
735 713 960 768 gaudeant,
1005 723 1135 752 tamen
1176 710 1272 763 quia

103 783 613 831 ,D'Alembe'rtius
672 784 842 835 primam
887 782 1144 833 Analyticam
1202 778 1272 819 de-

134 853 462 894 monstrationem
499 852 644 893 fecisse
675 852 859 900 videtur,
907 853 1002 892 huic
1046 848 1285 909 Illustrisfis

135 936 205 964 mo
233 924 351 972 viro,
384 924 609 964 inventoris
633 923 766 963 honos
795 922 991 970 debetur,
1024 915 1117 962 eum
1141 930 1275 960 tamen

136 993 229 1035 Cel.
274 991 657 1041 Poissonius,
714 1004 754 1031 et
785 992 859 1032 Vir
885 991 1032 1032 Clarus
1062 990 1275 1031 Lobat-

141 1076 155 1104 t
179 1078 233 1112 o,
267 1062 445 1103 indolem
475 1063 594 1116 hujus
618 1061 970 1103 demonstrationis
1011 1061 1154 1115 majori
1183 1072 1277 1114 per-

112 1133 353 1188 ·spicuitate
385 1144 425 1173 et
468 1133 724 1186 simplicitate
770 1132 1062 1186 exposuerint,
1106 1141 1277 1184 eamque

142 1205 337 1259 gradatim
367 1216 391 1243 e
418 1202 533 1243 fonte
561 1204 688 1258 magis
719 1204 955 1257 propinquo
987 1197 1200 1242 hauserint.

198 1272 353 1315 XLIII.
385 1272 473 1313 Hae
497 1272 856 1314 demonstrationes
884 1271 1126 1324 Analyticae
1153 1283 1176 1311 e
1216 1270 1276 1312 se-

144 1343 358 1398 quentibus
388 1342 601 1396 principiis
630 1342 788 1384 haustae
815 1343 930 1384 sunt:

0 1441 1 1444 =
208 1414 272 1455 1⁰.
305 1412 378 1454 Vis
418 1410 639 1465 composita
678 1413 997 1456 determinatur
1027 1410 1282 1468 functione,

0 1450 2 1511 ι
195 1482 199 1495 ²
302 1498 412 1541 quae
452 1484 638 1525 'continet
668 1484 896 1539 angulum,
939 1484 1056 1525 inter
1085 1483 1283 1524 directio-

299 1569 372 1597 nes
426 1555 588 1596 virium
630 1555 988 1609 componentium,
1032 1564 1074 1595 et
1122 1553 1286 1596 harum

303 1624 625 1680 magnitudines
644 1622 721 1679 feu
747 1624 1026 1679 intensitntes.

209 1695 277 1738 2⁰.
313 1695 360 1738 St
399 1695 585 1750 angulus
623 1694 696 1736 ille
723 1697 921 1750 aequalis
959 1705 1021 1737 est
1054 1695 1190 1744 1800,
1222 1693 1287 1737 vis

257 1819 268 1831 k
306 1763 526 1820 composita
567 1774 646 1806 aut
688 1764 964 1820 differentiae.
991 1767 1153 1807 virium
1182 1779 1289 1806 com-

285 1860 287 1862 -
299 1837 552 1893 ponentium
579 1837 776 1891 aequalis
805 1848 892 1887 est,
940 1847 1017 1879 aut
1053 1837 1177 1878 nulla
1213 1844 1290 1877 est.

314 1907 362 1948 Si
393 1917 538 1949 autem
572 1907 715 1947 nullus
744 1917 805 1948 est
833 1907 1016 1963 angulus
1039 1907 1155 1947 inter
1181 1903 1291 1945 viri·-

307 1991 378 2019 mn
409 1977 687 2026 directiones,
732 1978 796 2019 vis
826 1975 1047 2030 compostta
1088 1973 1286 2030 aequalis

309 2058 369 2088 est
386 2044 576 2102 fitmmae
603 2048 764 2095 virium
791 2047 1135 2102 componentium.

221 2116 287 2173 3⁰.
321 2117 391 2158 Vis
433 2117 654 2171 composita
696 2120 850 2160 crescit
891 2115 970 2161 cittt
1014 2117 1293 2160 decrescit‘in

312 2186 456 2229 eadem
476 2189 575 2232 rati
582 2202 656 2232 one
672 2220 685 2242 ,
717 2199 848 2245 atque
861 2190 978 2232 vires
994 2196 1292 2245 componentes.

1202 2257 1290 2300 De-
