1513 2734
475 135 644 193 (¹35
703 131 732 190 >

237 275 590 319 SECTIO
649 269 982 317 PRIMA.

104 429 461 462 PRAESUM'I‘IONES
480 446 493 467 ,
523 429 578 457 Ex
611 428 767 470 QUIBUS
798 429 855 458 DE
879 425 1109 457 VOLUNTA-

347 501 402 530 ΤΕ
430 499 614 529 AGENTss
642 499 860 532 CONSTAT.

159 629 322 671 Multae
359 629 448 670 sunt
488 615 674 680 causaeJ
704 630 746 669 in
773 627 923 682 quibus
949 625 1104 667 factum
1143 635 1310 673 Praesum-

101 713 126 741 a
165 699 327 741 civibus
370 701 426 742 ita
471 700 775 747 committitur,
822 709 868 739 ut
896 709 980 739 non
1014 696 1107 738 satis
1122 687 1327 774 {ligssbegs’dgx

102 770 360 820 innotescat,
391 770 600 824 quodnam
628 769 752 811 fuerit
778 769 986 825 agentium
1012 757 1109 821 pro'-
1122 771 1296 825 volun-tate

102 840 307 894 positum,
353 853 550 895 quaenam
579 852 723 881 eorum
760 839 963 881 voluntas.
1024 835 1110 878 Hic
1122 828 1268 902 ἓξὲξ,

103 910 228 964 igitur
276 910 434 965 semper
484 911 599 953 dubii
636 909 737 964 quid
779 908 915 951 adesse
957 907 1327 957 debet‚etquiclem:

102 981 218 1035 quod
271 994 371 1022 vero
427 982 553 1024 modo
602 982 759 1037 majus,
809 980 937 1022 modo
977 980 1112 1024 minus

102 1053 195 1092 erit.
256 1052 357 1107 Quo
399 1055 527 1109 magis
563 1065 697 1094 autem
724 1065 788 1093 res
817 1052 941 1093 dubia
965 1050 1016 1092 ad
1045 1060 1114 1090 ve-

104 1123 265 1163 ritatem
307 1124 494 1173 accedit‚
538 1135 707 1178 quoque
753 1124 887 1164 minor
913 1133 974 1162 est
999 1118 1116 1162 diffe-

103 1193 233 1233 rentia
272 1195 378 1235 inter
419 1195 634 1237 verifimile
663 1206 788 1249 atque
812 1193 941 1248 ipsam
968 1192 1115 1233 verita-

104 1274 218 1314 tem,
260 1275 313 1305 eo
353 1267 477 1307 tutius
517 1266 817 1319 praesumtione
845 1263 1003 1306 definiri
1039 1274 1117 1316 po-

105 1344 211 1384 test,
258 1347 455 1388 quaenam
500 1338 550 1377 iis
580 1339 622 1377 in
649 1338 777 1380 causis
808 1336 930 1377 fuerit
959 1334 1118 1390 agenti-

104 1416 173 1445 um
198 1404 401 1447 voluntas.
464 1406 561 1449 Hoc
585 1409 670 1463 J'am
701 1406 918 1448 Romanos
960 1407 1116 1458 ubique

102 1474 144 1514 in
172 1473 334 1528 legibus
367 1477 590 1519 scribendis
619 1479 693 1520 fibi
721 1489 814 1518 ante
835 1476 985 1518 oculos
1013 1475 1119 1529 post-

103 1555 190 1598 tum
218 1544 404 1586 habuisse
418 1547 668 1602 principium
686 1579 700 1598 ‚
733 1548 890 1589 constat
908 1544 1005 1600 U).
1039 1545 1121 1586 Sed

102 1625 187 1654 non
216 1615 349 1656 minus
376 1616 418 1656 id
449 1617 697 1670 sequendum
725 1619 877 1659 duxere
907 1616 1121 1672 legislato-

103 1696 168 1725 res
195 1683 381 1736 Gallici,
414 1700 540 1740 quum
557 1701 631 1741 pel·
659 1700 794 1730 totum
813 1688 1017 1729 Codicem
1035 1685 1120 1727 Na-

106 1754 393 1808 poleonticum
443 1757 559 1814 legis·
613 1760 935 1812 praesumtiones
976 1758 1123 1811 posue-

107 1827 219 1876 rint,
263 1839 316 1868 ex
348 1829 517 1882 quibus·
544 1830 595 1871 de
649 1831 858 1887 agentium
909 1828 1122 1871 voluntate

1014 1911 1114 1940 COU-

157 1962 223 2009 (1)
247 1965 320 2000 vid.
351 1969 369 2011 §
403 1977 455 2012 ις.
486 1968 562 2013 [nst.
586 1971 624 2004 de
651 1972 730 2006 Μ.
757 1972 824 2006 dias.
840 1978 874 2004 et
890 1970 911 2005 1.
927 1970 1060 2014 48·§3·
1080 1967 1122 2011 ff·
1207 1976 1219 1996 Ν

109 2021 147 2054 de
183 2022 292 2056 Aedil.
329 2026 429 2059 Conf.
473 2028 514 2060 M
530 2036 548 2060 e
563 2038 582 2060 n
599 2038 621 2060 o
636 2038 655 2061 c
671 2028 692 2060 h
708 2029 716 2060 i
734 2038 756 2061 u
772 2038 786 2061 s
802 2052 812 2068 ,
862 2027 900 2061 cle
938 2025 1127 2069 Praestant-

110 2078 205 2114 Libr.
237 2081 264 2113 1.
290 2080 430 2125 Quaest.
462 2093 514 2126 19.
537 2089 590 2119 110.
619 2095 649 2119 1.
674 2085 790 2127 ibique
815 2085 936 2118 citatus
956 2083 1122 2117 Akcia-

111 2142 216 2226 miss,
253 2136 291 2169 de
318 2138 502 2182 Praesumt.
534 2151 604 2186 reg.
635 2154 669 2177 2.
706 2144 812 2186 praes.
837 2144 893 2179 26.
921 2150 956 2176 et
984 2150 1056 2185 reg.
1086 2149 1119 2185 3.

111 2201 188 2236 prae
203 2217 213 2226 .
237 2202 293 2236 33.
