1513 2734
616 155 645 211 <
709 168 785 211 125
844 153 893 208 >¹

195 294 309 351 Quid
353 306 452 334 vero
493 294 699 348 iniquius,
746 308 866 349 quam
895 296 935 336 in
969 296 1069 335 artis
1106 295 1315 351 cujusdam

191 364 446 407 incunabulis
470 376 510 405 et
530 367 829 419 quasi-pueritia
851 364 1010 407 adultae
1030 368 1170 407 aetatis
1193 381 1318 421 quae-

191 448 278 475 rere
309 436 614 477 maturitatem?
656 436 854 477 Attendas
883 448 980 476 vero
1006 448 1176 477 aetatem
1194 467 1207 486 ,
1239 450 1319 492 qua

190 504 319 553 vixit,
367 505 577 546 confilium
596 536 609 554 ,
667 519 751 559 quo
804 506 956 559 scripfit
1012 505 1320 558 Tertullianust,

192 587 411 627 compares
439 575 554 616 illum
590 589 682 616 cum
723 575 1063 629 praestantissimis
1090 578 1324 631 quibusque

189 644 428 698 aequalibus
469 644 742 699 Apologetis,
786 644 948 698 Justino
984 644 1197 699 Martyre,
1239 647 1320 689 Ta-

191 716 302 756 tiano
323 743 337 764 ,
369 714 540 766 ipsoque
559 745 572 764 ,
605 716 674 768 qui
705 718 873 757 caeteris
909 717 1104 769 praestat,
1135 717 1318 759 Athena-

189 796 316 839 gora,
348 795 389 824 et
414 783 548 825 nullus
571 784 738 834 dubito,
765 788 862 838 quin
884 786 1024 836 illum,
1053 799 1094 828 et
1118 790 1158 829 in
1179 788 1323 830 Chris-

191 855 392 895 tianorum
434 854 551 896 causa
595 854 794 905 dicenda,
833 867 874 895 et
902 869 1000 898 vero
1027 859 1067 898 in
1093 858 1168 900 hac
1197 859 1319 912 ipfius

192 924 406 980 religionis
436 924 820 976 commendatione,
866 926 968 967 nulli
1012 928 1155 970 cedere
1172 959 1184 980 ‚
1229 929 1322 983 plu-

188 995 302 1035 ribus
329 994 502 1047 palmam
530 996 786 1052 praeripere,
818 997 893 1038 tibi
929 997 1116 1040 habueris
1160 999 1321 1054 persua-

191 1065 396 1106 fisfimum.
458 1063 605 1119 Quid?
637 1065 749 1119 quod
788 1066 883 1119 ipfis
921 1071 1052 1109 nostri
1087 1071 1180 1110 aevi
1203 1070 1321 1122 Apo-

187 1133 342 1189 logetis
384 1146 468 1176 uno
514 1147 640 1176 certe·
669 1138 834 1178 nomine
858 1139 1052 1193 infignem
1082 1139 1122 1179 in
1152 1139 1319 1181 modum

187 1204 385 1258 praestare
413 1204 588 1246 videtur.
633 1204 735 1247 Non
764 1206 888 1250 laudo
907 1208 994 1263 jam
1016 1209 1317 1261 admirabilem,

192 1287 271 1328 qua
289 1273 462 1328 pollet,
494 1275 756 1327 persuadendi
780 1278 890 1328 vim,
935 1279 1163 1332 profectam
1206 1281 1320 1323 illam

187 1355 212 1383 e
239 1344 338 1399 forti
369 1343 512 1397 ipsius*
534 1346 671 1386 animo
712 1348 854 1401 reique
894 1348 1149 1390 Christianae
1188 1351 1320 1392 vindi-

189 1416 341 1457 candae
369 1416 489 1457 unice
516 1416 687 1455 intento.
749 1415 868 1459 Hanc
907 1419 999 1473 ejus
1034 1419 1318 1462 celebrandam

187 1485 272 1526 esse
301 1497 404 1540 puto
432 1484 738 1538 praestantiam,
771 1488 884 1540 quod
923 1489 1134 1544 religionis
1174 1491 1318 1531 Chris-

188 1557 316 1597 tianae
341 1568 424 1595 non
454 1566 499 1595 ut
525 1555 733 1595 doctrinae
762 1556 969 1609 cujusdam
986 1588 999 1606 ,
1027 1558 1077 1598 ab
1106 1559 1318 1603 homiuum

187 1628 330 1668 animis
357 1626 555 1678 separatae
585 1637 626 1665 et
653 1625 760 1678 quasi
795 1624 999 1676 seclusae,
1027 1630 1185 1671 causam
1212 1644 1318 1687 agat.

187 1695 317 1751 Quod
344 1696 506 1749 quidem
535 1695 670 1736 facere
697 1694 828 1736 solent
856 1695 1042 1750 plerique
1064 1702 1195 1742 nostri
1231 1704 1320 1743 aevi

187 1766 462 1821 Apologetae.
503 1764 654 1806 Verum
673 1766 721 1806 de
739 1766 884 1807 eximia
899 1766 1017 1820 hujus
1031 1769 1241 1824 religionis
1256 1774 1318 1813 in-

187 1836 283 1877 dole
304 1835 537 1876 adversariis
553 1836 606 1875 ita
622 1836 833 1888 persuadet
862 1835 1136 1889 pulcerrime,
1162 1851 1207 1880 ut
1235 1840 1318 1882 illis

188 1907 243 1948 ob
273 1905 419 1947 oculos
451 1906 556 1946 fistat
585 1904 711 1958 ipsam
735 1908 939 1962 ingentem
966 1907 1076 1950 illam
1104 1909 1331 1953 hominumx

186 1978 421 2019 societatem
439 2006 452 2025 ,
484 1974 559 2016 hac
587 1976 798 2031 religionis
829 1977 1067 2019 efficacitate
1097 1992 1119 2020 a
1149 1982 1318 2034 pristina

186 2047 396 2099 impietate
444 2046 708 2100 omniumque
761 2047 1009 2102 flagitiorum
1066 2051 1316 2104 turpitudine

187 2115 238 2155 ad
265 2115 394 2168 ipsum
426 2115 586 2156 virtutis
620 2116 839 2158 candorem
883 2130 1142 2170 revocatam,
1185 2124 1316 2163 inten-

189 2186 320 2239 tisque
344 2185 497 2227 viribus
524 2185 565 2228 id
593 2188 714 2229 unice
743 2198 974 2240 curantem,
1001 2192 1103 2232 utin
1119 2191 1204 2233 dies
1225 2192 1316 2233 red-

1248 2263 1316 2304 da-
