1513 2734
592 133 787 192 (s)

110 267 299 312 distincta
325 270 491 314 reddere
521 287 711 328 potetate,
744 279 798 319 ita
826 281 1023 332 omnino,
1055 296 1140 338 quo
1171 296 1254 328 ma·

105 352 169 406 gis
192 353 234 392 in
259 365 422 395 naturae
451 360 605 398 arcanis
632 361 919 417 investigandis
939 368 1252 420 progredimur,

103 444 156 474 eo
184 435 312 490 major
352 449 518 491 apparet
547 444 670 495 copia
714 457 875 497 rerum,
919 450 1055 491 crassis
1094 452 1253 493 involu—

103 526 231 557 tarum
280 520 482 572 tenebris,
542 537 674 580 eoque
729 531 856 583 magis
897 530 948 572 ad
1001 533 1252 587 ignorantiae

100 609 263 640 nostrae
305 604 601 649 confessionem
647 610 897 655 adducimur.
959 614 1118 658 Infinita
1162 619 1251 659 sane

97 693 162 721 est
192 684 284 733 via,
317 698 419 738 quae
450 700 522 740 per
551 703 714 733 naturae
738 696 925 738 officinas
955 699 1067 740 ducit
1085 731 1097 747 ‚
1129 713 1250 753 atque

96 764 138 803 in
179 764 241 806 his
283 767 454 810 officinis
495 783 540 811 ea
581 773 664 814 sola
711 775 749 816 se
803 780 1092 831 conspicienda
1136 797 1251 835 prae-

97 823 226 897 bent,
270 862 372 902 quae
416 864 652 905 moventur,
698 870 780 898 non
821 861 926 900 vires
970 874 1050 902 non
1092 868 1250 916 priores

95 930 233 971 causas
261 945 499 986 moventes,
538 938 640 979 adeo
672 952 716 981 ut
741 941 825 994 ipsa
866 956 1005 986 natura
1034 946 1248 990 hominum

100 1013 234 1053 oculis
289 1015 465 1057 sollicite
514 1022 708 1072 eripuisse
758 1026 967 1076 videatur,
1041 1042 1144 1081 quae
1198 1031 1250 1072 ad

93 1095 326 1145 interionem
386 1101 665 1144 conditionem
719 1106 775 1146 sui
817 1111 953 1160 operis
1003 1114 1244 1164 pertineant.

91 1176 228 1219 Multa
257 1180 419 1232 quidem
450 1182 590 1224 lucent
616 1197 752 1228 nostra
794 1201 950 1239 aetate,
996 1206 1098 1246 quae
1129 1207 1244 1238 antea

90 1271 203 1302 erant
232 1263 430 1314 obscura,
461 1278 528 1306 aut
554 1270 716 1321 prorsus
747 1272 987 1328 incognita,
1035 1275 1102 1317 sed
1129 1277 1244 1321 fimul

91 1343 311 1396 prostratae
327 1346 416 1388 sunt
432 1349 611 1405 funditus
628 1353 776 1395 inultae
801 1356 1048 1410 hypotheses
1065 1391 1078 1408 ,
1110 1374 1212 1414 quae
1228 1395 1243 1416 ‚

86 1427 268 1469 veritatis
330 1431 473 1481 instar,
547 1435 646 1477 olim
704 1437 1048 1491 suspiciebantur‚
1110 1457 1242 1497 neque

84 1510 126 1549 in
156 1522 290 1552 earum
314 1513 456 1556 locum
485 1516 759 1561 successerunt
785 1522 915 1572 aliae,
959 1538 1062 1578 quae
1108 1527 1240 1569 essent

32 1590 34 1593 ’
85 1590 252 1643 firmae,
283 1607 403 1649 atque
432 1599 482 1638 ab
509 1603 619 1640 omni
651 1603 805 1655 impetu
844 1618 966 1655 tutae.
1027 1608 1134 1650 Cum
1166 1624 1236 1653 au-

85 1685 167 1715 tem
196 1675 332 1718 omnis
360 1658 563 1722 interioris
593 1695 757 1726 naturae
787 1691 975 1757 cognitio
1000 1691 1237 1745 hypothesi-

85 1756 160 1798 bus
187 1760 374 1812 inprimis
400 1764 574 1815 nitatur,
607 1779 689 1808 non
721 1770 811 1811 satis
851 1771 1012 1827 liquet,
1056 1788 1236 1819 nostram

83 1851 253 1882 aetatem
295 1843 371 1886 hac
411 1847 453 1886 in
486 1852 733 1904 'cognitione
770 1854 902 1897 multo
942 1857 1108 1913 longius
1138 1874 1237 1914 pro-

82 1924 255 1977 gressam
284 1926 434 1979 fuisse,
466 1932 536 1973 nisi
567 1934 681 1986 quod
722 1939 849 1992 magis
877 1940 1089 1993 explorate
1128 1944 1237 1998 judi-

19 2026 22 2029 ·
83 2017 252 2058 camuS‚
289 2023 431 2063 parum
463 2016 640 2058 noshac
670 2018 720 2059 de
745 2032 788 2060 re
818 2021 933 2063 scire.
994 2023 1102 2065 Nam
1144 2039 1235 2068 cer·

83 2098 123 2128 ta
135 2091 320 2143 ratione,
349 2106 536 2139 accurata
553 2099 730 2142 instituta
757 2103 1099 2160 investigatione,
1130 2121 1233 2150 con-

81 2169 277 2227 cludere,
319 2175 361 2218 se
389 2180 488 2232 quid
527 2182 745 2238 ignorare,
790 2198 860 2229 aut
886 2199 969 2230 non
996 2191 1117 2244 posse
1145 2204 1232 2234 non

1166 2276 1229 2330 ig-
