1513 2734
497 149 747 209 (217)

119 305 161 336 re
190 295 229 333 in
260 290 412 341 cauus,
453 290 524 332 ubi
551 291 618 333 lex
643 291 795 333 violata
831 302 919 341 est,
972 290 1116 344 sponte

119 362 324 417 sequitur,
369 359 519 402 nullam
546 361 630 401 esse
659 362 871 404 earundem
900 361 1115 402 Cui-iarum

119 433 426 481 auctoritatem,
485 432 556 471 nisi
595 432 790 485 quatenus
835 432 1049 471 sententiae
1091 443 1114 470 a

119 502 247 544 Curia
286 502 557 550 CassatIOnis‚
603 515 705 554 quae
744 502 917 548 dicitur,
965 499 1115 540 confir·
1160 533 1173 548 ⁴

120 584 248 614 matae
279 572 377 620 fim,
408 571 472 612 vel
502 583 660 625 tempus
686 562 915 624 appellandi
957 581 1115 623 praete-

120 644 244 683 rierit.
305 642 437 683 Recte
467 642 590 696 igitur
617 642 740 682 docet
769 640 1002 693 responsum
1020 670 1033 687 ,
1065 638 1116 679 de

121 725 205 766 quo
233 711 466 765 loquimur,
498 714 537 752 vi
567 712 631 752 sua
662 710 822 765 spoliari
851 710 1118 763 pr'aesumtio-

121 795 214 823 nem
231 812 244 831 ‚
275 794 378 835 quae
406 783 535 822 oritur
561 793 611 821 ex
641 794 682 820 re
708 782 885 836 judicata
902 811 914 829 ‚
960 782 1001 821 in
1023 793 1118 821 cau-

122 854 172 894 fis
196 853 268 894 u'bi
294 866 317 893 a
340 852 463 894 Curizi
492 851 740 892 Cassationis
757 881 769 900 ,
802 864 904 905 quae
919 862 1117 898 vocatur,

121 923 344 979 Judicatum
387 923 462 972 fit,
507 922 741 964 sententiam
759 923 852 964 'non
883 919 1120 963 convenisse

121 1006 216 1035 cum
247 993 350 1047 legis
377 1003 504 1035 textu.
657 987 660 994 ⁴
753 981 759 983 Α

181 1062 255 1104 111.
288 1062 480 1117 Denique
505 1076 545 1105 et
573 1063 676 1105 illud
704 1061 773 1105 hic
802 1065 842 1103 in
873 1062 1034 1104 censum
1051 1071 1118 1101 ve-

1169 1050 1333 1091 Praecep-

1132 1104 1163 1129 ta
1191 1094 1333 1139 philoso-

123 1126 388 1184 nire³debet‚
420 1136 446 1176 fi
475 1144 650 1189 unquam
680 1135 734 1176 ob
761 1133 917 1175 causam
944 1132 1119 1173 summae
1131 1141 1239 1186 phiae.

124 1206 368 1247 necessitatis
395 1217 435 1246 et
463 1206 648 1247 utilitatis
675 1217 698 1245 a
723 1202 979 1258 legislatione
1009 1215 1125 1243 natu-

125 1274 200 1318 tali
241 1274 406 1324 recedi,
452 1286 573 1327 atque
616 1274 683 1315 sufi
716 1276 756 1313 vi
790 1273 952 1326 spoliari
980 1272 1127 1313 debeat

127 1338 349 1400 probatio,
380 1356 424 1385 ut
452 1356 535 1384 non
565 1343 692 1398 possit
713 1342 858 1384 tollere
879 1343 1123 1384 contrariam

125 1410 500 1470 praesumtionem,
561 1414 604 1454 id
645 1414 828 1467 inprimis
860 1414 1044 1453 obtinere
1084 1412 1127 1451 in

126 1485 221 1527 casu
260 1497 392 1526 rerum
430 1484 714 1539 judicatarum.
786 1481 973 1524 Vidimus
1017 1482 1128 1522 enim

127 1554 274 1609 supra,
305 1567 431 1608 quum
460 1553 509 1595 de
537 1554 676 1595 naturai
707 1553 826 1608 hujus
859 1550 1128 1605 praesumtio·
1168 1569 1169 1572 ¹

128 1627 191 1667 nis
226 1633 440 1679 sagei-etur,
483 1635 735 1678 quantopere
776 1621 1029 1675 reipublicae
1065 1623 1128 1661 in-

129 1694 267 1743 terfit,
311 1705 357 1734 ut
383 1705 445 1733 res
469 1693 669 1747 judicatae
701 1692 977 1746 prorveritate
1002 1691 1128 1732 habe-‘

129 1773 274 1815 antur,
307 1777 407 1807 cum
450 1762 633 1817 alioquin
669 1761 780 1804 nul-la
804 1761 909 1801 >esset
933 1759 1128 1802 stabilitas

130 1837 173 1877 in
208 1836 326 1891 jure,
370 1847 502 1888 neque
542 1847 720 1886 unquam
762 1831 904 1877 litibus
933 1831 1023 1872 finis
1053 1832 1130 1872 im-

130 1913 354 1961 poneretur
383 1904 476 1961 (ι).
536 1902 663 1946 Nulla
692 1912 827 1946 autem
849 1901 954 1943 esset
979 1901 1131 1943 stabili-

139 1987 142 1991 ·
845 1988 848 1991 ’
1073 1983 1134 2014 tas

140 2072 143 2074 ’
179 2076 244 2123 (1)
268 2078 345 2114 Vid.
374 2079 404 2113 C
420 2078 430 2111 i
445 2087 476 2114 c.
492 2086 555 2122 pro
571 2077 590 2111 S
607 2087 629 2120 y
644 2077 653 2109 1
669 2077 734 2115 la,
759 2060 1074 2118 cap.‘22.'Pau1,u
1091 2081 1106 2104 s
1121 2095 1134 2113 ‚

135 2133 167 2169 in
196 2136 225 2170 l.'
248 2137 282 2170 6.
301 2135 342 2179 ff.
370 2137 409 2169 de
432 2135 566 2179 Except.
584 2137 633 2168 rei
649 2134 750 2176 judic.
779 2139 813 2164 et
842 2131 908 2175 ipse
933 2128 1132 2166 C1.Toul-

137 2193 206 2227 lie
223 2202 239 2226 r
254 2217 266 2235 ,
287 2194 311 2228 l.
333 2193 355 2229 l.
377 2192 442 2227 κιο..
460 2193 516 2229 68.
540 2193 572 2226 in
600 2190 687 2226 Adn.
713 2193 771 2224 n0.
781 2196 826 2224 12..
