1513 2734
655 134 681 188 ξ
741 148 794 178 72
854 133 890 190 >

681 187 685 190 e
740 180 770 192 ‘x

203 279 342 310 notare
394 267 616 310 studebant.
706 271 751 313 In
792 275 868 314 hac
921 277 1046 329 igitur
1101 276 1325 316 animorum

203 339 468 397 contentione
495 351 577 378 non
606 341 777 390 mirum,
819 342 1115 386 Tertullianum
1134 376 1146 394 ‚
1178 347 1327 386 acerri-

200 422 312 450 mum
341 407 456 449 illum
496 409 823 453 Christianorum
867 414 1242 467 propugnatorem,
1286 424 1329 454 et

203 478 403 531 quidquid
427 479 730 532 philosophiam
760 482 1189 534 ol’eretaversantem‚
1233 496 1327 526 cum
1360 472 1370 476 '⁷

199 547 462 616 philosqphis
493 551 534 590 in
563 563 721 591 arenam
762 553 1025 594 descendisse.
1086 554 1152 595 Ne
1188 565 1324 594 tamen

197 618 284 659 hoc
313 619 367 659 ita
391 621 728 672 interpretemur,
761 624 867 675 quafi
899 621 1077 677 aefqualis
1114 623 1329 678 cujusdam

197 685 443 743 philosophi
482 690 804 734 dubitationibus
859 706 980 748 atque
1030 695 1230 749 objurgiis
1259 706 1329 734 co-

200 759 317 811 piose
358 759 579 814 refutandis
621 761 700 801 sese
753 764 972 805 tradiderit.
1034 764 1192 805 Contra
1232 776 1330 805 vero

201 841 255 869 ne
287 830 408 883 ipsius
449 831 613 883 quidem
658 833 795 881 Celfi‚
842 836 911 887 qui
948 847 1057 875 certe
1087 834 1332 875 Tertulliani

199 901 399 940 memoria
431 901 513 954 jam
540 901 742 943 exstiterat
766 903 1103 959 religionemque
1127 905 1328 946 Christia-

199 980 293 1008 nam
343 969 502 1022 scriptis
557 971 690 1024 palam
743 974 951 1027 aggressus
1007 974 1163 1023 fuerat,
1207 975 1332 1016 ullam

200 1038 302 1080 facit
331 1041 610 1091 mentionem3
655 1042 733 1082 five
777 1043 896 1097 hujus
933 1044 1081 1096 scripta
1120 1044 1334 1085 subtiliora

203 1110 496 1150 existimaverit
537 1123 577 1151 et
609 1113 740 1152 minus
781 1110 904 1166 apta‚'
941 1126 1061 1167 quam
1105 1114 1154 1154 de
1181 1115 1332 1167 quibus

201 1180 245 1220 in
275 1179 387 1220 hisce
416 1193 548 1221 rerum
583 1183 780 1235 angustiis
822 1197 960 1225 coram
1003 1184 1333 1226 Christianorum

199 1250 409 1305 judicibus
440 1252 570 1305 iisque
599 1254 695 1294 viris
732 1254 916 1306 politicis
958 1254 1209 1308 disputaret;
1254 1256 1348 1302 five,

201 1322 354 1371 etiam,
387 1321 498 1375 quod
529 1335 661 1376 neque
700 1324 974 1377 improbabile
1017 1325 1101 1365 esse
1142 1325 1332 1376 videtur,

144 1383 148 1387 ⁴
201 1390 275 1432 illa
303 1405 442 1446 parum
474 1393 576 1434 adeo
613 1397 870 1448 cognoverit.
934 1395 993 1437 Ut
1033 1407 1077 1436 ut
1121 1397 1192 1443 fit,
1238 1409 1334 1437 cum

202 1461 321 1502 nullo
363 1463 521 1515 aequali
561 1464 814 1517 philosopho
856 1465 1056 1519 confligit.
1128 1465 1238 1506 Huic
1269 1467 1333 1507 so-

202 1530 417 1574 lummodo
451 1534 797 1583 adversariorum,
847 1537 967 1588 eique
1001 1534 1282 1575 verosimiliter
1311 1548 1334 1575 a

203 1601 466 1656 philosophis
496 1604 756 1659 pervulgatae
797 1607 978 1646 occurrit
1008 1605 1221 1656 opinioni,
1253 1617 1334 1657 qua

201 1672 430 1714 Christiani
466 1686 547 1715 non
575 1676 645 1716 nist
688 1675 894 1730 vulgarem
947 1675 1145 1728 quandam
1183 1676 1332 1717 sectam

202 1743 494 1798 philosopham
540 1745 784 1786 constituere
828 1746 1041 1798 divinaque
1083 1746 1334 1787 institutione

203 1814 351 1855 frustra
381 1815 546 1870 gloriari
576 1817 896 1870 perhibebantur
923 1816 1018 1869 (1).
1078 1816 1214 1871 Quam
1243 1817 1333 1869 qui-

205 1885 297 1926 dem
332 1886 559 1939 perversam
604 1889 870 1941 opinionem,
916 1889 982 1927 cui
1025 1887 1171 1940 procul
1204 1887 1333 1928 dubio

202 1956 325 1995 etiam
366 1956 495 1996 ansam
524 1957 633 1998 dedit
658 1960 743 2011 ipsa
770 1957 1096 1999 Christ1an0rum
1141 1956 1333 2011 frequens

198 2024 267 2066 sui
325 2036 512 2079 tanquam
597 2027 941 2082 philosophorum
1003 2028 1332 2070 Christianorum
1397 2056 1401 2059 ψ

1217 2112 1332 2141 com·

254 2174 319 2221 (1)
343 2178 444 2213 Conf.
467 2179 772 2222 Eisenlohr,
796 2179 865 2214 1.1.
889 2179 923 2214 S.
953 2188 1138 2224 127-131.
