1513 2734
721 147 752 200 G
811 149 892 204 198
952 147 987 202 3*

299 285 466 326 wAliae
495 283 1042 334 autmfi'demonssrationes,
1084 287 1237 341 absque
1271 287 1421 328 virium

291 356 590 408 composuione
613 354 854 402 confectae,
886 368 1077 409 quantum
1108 356 1217 406 scio,
1243 369 1326 397 non
1352 355 1421 396 ad-

287 423 393 464 sunt.
476 423 548 465 La
565 437 603 464 m
620 437 644 475 y
685 426 725 464 in
781 437 905 478 opere
952 428 1079 468 citato
1122 425 1232 481 (1),
1290 427 1421 467 vectis

289 495 584 547 proprietatem
615 495 857 536 demonstrat
884 509 1011 549 aeque
1039 496 1125 537 fere
1142 526 1155 543 ‚
1186 508 1306 550 atque
1334 498 1424 548 ipse

287 561 329 603 A
344 575 363 602 r
378 577 400 604 c
415 563 440 603 h
457 565 469 602 i
486 576 524 602 m
541 576 564 603 e
579 564 604 604 d
620 576 642 604 e
658 577 701 612 S,
748 566 1038 608 confiderando
1081 566 1237 608 scilicet
1252 596 1265 614 ‚
1295 565 1420 620 (Fig.

290 630 389 685 23.)
447 633 628 685 pondera
669 633 702 675 P
753 646 793 675 et
843 634 883 685 Q
936 636 1157 690 aequaliter
1206 636 1424 677 distributa

287 702 373 744 esse
400 704 441 743 in
470 715 608 744 vectes
639 703 733 746 DE
763 717 804 746 et
832 705 922 747 EC
940 737 953 755 ,
997 708 1052 747 ita
1094 718 1138 747 ut
1167 706 1209 747 hi
1237 706 1419 748 confide-

287 773 366 812 xari
393 774 546 825 posfint
579 785 765 828 tanquam
793 775 965 826 cylindri
994 777 1125 824 recti,
1154 776 1333 832 ejusdem
1352 777 1422 816 ba-

262 841 409 890 Αἷεοει,
442 854 561 895 atque
588 844 627 883 in
664 844 800 885 fulcro
828 845 862 886 F
889 847 961 888 fibi
993 847 1208 901 contigui;
1255 859 1334 899 qua
1361 859 1423 886 ra-

286 913 400 952 tione
423 912 484 952 illi
516 912 691 964 cylindri
718 914 869 956 locumv
889 927 1026 956 tenent
1050 916 1423 970 parallelopipedo-

290 992 409 1030 rum,
455 994 628 1035 quorum
670 995 751 1035 ope
781 985 1069 1027 demonstratio
1112 999 1135 1027 a
1175 986 1201 1026 S
1220 987 1426 1026 tevine

288 1051 472 1092 absoluta
500 1062 575 1092 est.
635 1052 692 1094 Et
720 1053 773 1094 fic
801 1053 887 1095 fere
915 1067 976 1096 est
999 1054 1156 1097 indoles
1179 1055 1422 1099 demonstra-

290 1123 444 1174 tionis,
476 1136 596 1175 quam
624 1135 674 1165 ex
705 1126 1002 1165 recentioribus
1037 1126 1272 1166 auctoribus
1307 1138 1424 1179 prae-

290 1190 381 1231 buit
425 1190 517 1232 Cel.
563 1192 845 1247 Mongius
883 1192 997 1248 (ὠς
1035 1196 1068 1234 is
1109 1196 1217 1235 enim
1259 1208 1424 1236 omnem

288 1260 467 1303 staticam
496 1265 624 1303 vectis
648 1265 872 1317 principio·
886 1264 1157 1317 superstruxit.

347 1329 489 1383 Itaque
519 1332 622 1372 inde>
639 1333 688 1372 ab
728 1333 766 1374 A
783 1348 802 1373 1·
818 1347 839 1374 c
858 1334 962 1375 him
980 1347 1002 1374 e
1019 1334 1044 1374 d
1060 1347 1082 1374 e
1123 1335 1336 1374 inventore
1374 1332 1426 1377 ad

289 1400 373 1441 hoc
403 1414 531 1453 usque
563 1414 722 1456 tempus
740 1433 752 1453 ,
783 1404 1141 1445 demonstrationes
1158 1403 1331 1444 directae
1349 1404 1425 1445 hu-

286 1470 352 1524 jus
381 1472 574 1523 principii
605 1485 688 1513 non
719 1474 895 1515 diversae
939 1474 1127 1514 fuerunt:
1171 1485 1273 1524 quae
1315 1475 1424 1515 enim

290 1538 468 1580 diversae
508 1542 718 1591 videntur,
765 1545 805 1584 in
848 1547 1113 1600 expositionis
1151 1546 1306 1585 ratione
1335 1556 1423 1584 tan-

292 1620 377 1650 tum
418 1610 634 1659 differunt,
680 1614 819 1656 indole
870 1617 1144 1664 conveniunt3
1192 1624 1232 1654 et
1284 1613 1338 1654 ob
1381 1613 1423 1656 id

293 1681 424 1722 solum
461 1684 744 1735 praeferendae
775 1686 863 1726 sunt
902 1684 1261 1726 demonstrationes
1305 1682 1331 1722 S
1351 1694 1422 1723 te-

291 1752 445 1800 vini‚
476 1752 649 1807 Lamy
678 1767 719 1796 et
748 1756 1012 1811 Mongii,
1043 1755 1156 1809 quod
1184 1756 1224 1794 in
1254 1755 1304 1794 iis
1329 1767 1421 1809 per-

289 1820 482 1874 spicuitas
510 1825 640 1879 major
669 1828 859 1867 cernitur.

348 1890 442 1933 VII.
474 1893 900 1950 Varignonius‚
929 1907 1145 1949 postquam
1171 1895 1422 1950 principium

291 1963 600 2016 eompofitionis
622 1967 768 2008 virium
795 1967 1006 2016 statuerat,
1037 1966 1166 2007 vectis
1193 1966 1420 2019 proprieta-

1335 2046 1417 2076 tem

295 2134 301 2138 '
332 2119 396 2165 (¹)
422 2122 450 2156 L
467 2132 528 2157 am
545 2134 592 2167 y,
618 2126 677 2170 Op.
704 2129 760 2162 cit.
785 2127 884 2171 Prop.
905 2128 948 2162 V.
971 2135 1044 2169 pag.
1064 2125 1106 2159 16
1133 2126 1204 2166 sqq.

334 2175 398 2223 (2)
424 2181 463 2213 M
480 2191 501 2214 o
515 2192 535 2214 n
549 2192 570 2225 g
585 2184 594 2215 i
610 2192 630 2216 u
648 2193 661 2217 s
677 2208 688 2225 ‚
725 2186 836 2219 Traite'
871 2186 911 2219 de
950 2185 1039 2218 elem.
1067 2183 1238 2227 Statique,
1266 2182 1342 2217 Art.
1362 2182 1418 2217 18.

290 2243 363 2277 pag.
393 2245 445 2271 12.
