1513 2734
591 135 615 185 <
666 108 740 183 263
788 132 818 184 )

126 293 153 315 „
178 273 306 304 eontra
336 268 414 299 tum
445 259 652 304 incertum,
688 265 767 295 tum
799 255 862 303 id,
891 253 994 302 qued
1026 252 1269 296 verisimiliter

127 337 335 386 „existere
372 341 512 381 potest.
568 329 751 370 Contrarii
788 328 957 377 probatio
1003 336 1130 367 contra
1152 326 1270 367 fictio.-

126 435 153 458 ,‚
176 419 260 447 nem
285 417 361 445 non
388 403 617 451 admittitur,
645 414 731 440 cum
762 401 865 440 causa
897 401 1061 450 ejusdem
1094 397 1136 437 fit
1165 397 1272 442 certi-

127 511 154 531 „
179 481 268 519 tudo
296 477 495 523 contrarii,
521 475 585 513 sed
610 475 770 517 vertitati
803 473 1007 514 contrariae
1037 471 1135 511 cedit
1169 483 1271 520 prae.-

126 580 153 602 ,‚
176 551 311 590 sumtio
341 549 386 597 (fi
422 548 583 596 excipias
607 547 1020 596 praesumtionemjnris
1043 554 1080 584 et
1101 546 1144 584 de
1162 546 1271 595 jure,

126 651 153 672 ‚,
176 623 237 661 cui
265 632 342 660 non
371 629 483 658 nocet
518 620 688 666 probatio
720 620 946 670 contraria),
974 628 1015 657 ut
1047 619 1138 658 adeo
1173 628 1269 657 recte

125 726 153 746 „
175 696 247 735 dici
267 695 405 744 possit,
435 708 525 742 pure
545 694 708 733 substitui
742 693 886 732 veritati
925 692 1141 736 fictionem,
1170 702 1273 739 prae.-

125 796 150 817 „
174 768 397 808 sumnonem
424 779 549 807 contra
571 766 856 806 eventualiter.'’

175 843 252 890 Pag
298 855 357 890 32.
412 842 687 892 interpretatio,
760 842 818 880 De
850 838 1156 888 ,interpretatione
1200 850 1275 883 me-

121 916 321 956 morandus
341 922 398 952 est
416 915 523 955 locus
551 915 795 960 Waichii‚
824 914 1108 952 Hermenmtica
1130 912 1272 960 Jwris,

121 989 144 1036 §
169 988 238 1033 16,
266 986 507 1025 ubidicitur:
542 1016 565 1033 „
590 987 826 1035 Interpretari
851 988 903 1026 nil
921 987 1020 1025 aliud
1051 995 1133 1030 est,
1162 994 1275 1031 qnam

123 1089 150 1111 ,.,
175 1059 318 1099 sensum
337 1061 500 1100 auctoris
521 1072 564 1101 ex
585 1062 663 1110 ejus
692 1060 814 1098 verbis
846 1069 881 1100 et
912 1059 1053 1098 ratione
1080 1059 1275 1095 declarare.

123 1163 150 1183 ,‚
174 1122 298 1173 Notes
315 1143 462 1180 autem,
490 1134 705 1182 ambignum
738 1131 815 1174 esse
847 1132 1068 1174 vocabulum
1092 1132 1281 1179 interpra-

125 1224 150 1255 ᾗ,
174 1210 281 1254 tari,
318 1207 459 1255 quippe
493 1209 597 1254 quod
626 1218 703 1244 non
737 1206 782 1243 de
803 1216 848 1242 eo
877 1203 991 1242 solum
1014 1204 1103 1240 olim
1138 1203 1278 1240 dictum

125 1307 151 1329 „
175 1289 257 1326 est,
294 1279 359 1328 qui
388 1280 585 1318 verborum
627 1277 766 1316 sensnm
808 1278 1001 1323 explanat.
1038 1274 1100 1315 scd
1132 1277 1177 1312 de
1210 1275 1274 1311 isso

123 1380 151 1401 .,‚
175 1352 305 1400 etiarn,
333 1353 397 1400 qui
419 1363 678 1400 quamcunque
696 1363 774 1388 rem
795 1350 873 1388 aliis
902 1360 1129 1397 quocunqne
1161 1348 1274 1385 modo

125 1452 151 1473 „
175 1425 297 1465 tradit.
350 1426 411 1464 Ex
434 1427 509 1474 qna
532 1424 635 1463 verbi
673 1423 907 1470 ambiguitate
936 1422 995 1459 ille
1028 1432 1130 1458 error
1162 1429 1272 1457 natus

125 1524 151 1546 ,‚
175 1507 254 1543 est,
281 1505 324 1534 ut
345 1508 467 1534 rernm
489 1496 627 1544 magis,
657 1508 764 1542 quam
784 1496 983 1532 verborum
1006 1493 1152 1532 {bienna
1184 1493 1278 1529 mul-

125 1597 151 1619 „
175 1569 203 1606 ti
224 1569 414 1606 crederent
435 1568 767 1617 interpretationem
790 1567 971 1606 contineri
1002 1565 1216 1612 scriptorum
1238 1572 1274 1602 et

127 1670 152 1690 „
176 1641 353 1679 librorum
368 1643 462 1690 juris
482 1642 626 1687 civim,
654 1649 691 1678 et
712 1650 801 1678 tunc
822 1640 966 1676 demum
995 1637 1029 1674 se
1055 1639 1143 1675 boni
1166 1638 1280 1674 inrer-

126 1700 153 1760 ,ζ
178 1713 292 1761 pretis
322 1713 443 1751 officio
479 1712 586 1761 fungi
618 1722 811 1760 putarent,
839 1713 864 1751 fi
891 1712 1069 1760 negiectis
1092 1709 1277 1757 praemiis

127 1813 154 1832 „
179 1786 421 1833 grammaticis
444 1799 463 1824 a
494 1787 603 1824 rebus
630 1786 814 1824 dictorum
844 1785 980 1823 sensum
1013 1780 1276 1832 quaererent.”

126 1857 244 1897 Conf.
273 1858 537 1905 Toullier.,
565 1859 594 1897 l.
626 1859 652 1897 l.
682 1869 736 1909 no.
767 1873 788 1898 2
817 1868 853 1897 et
883 1872 951 1908 32·

174 1931 263 1979 Pag.
295 1943 356 1978 32.
410 1932 605 1981 analogia.
659 1933 718 1970 De
748 1932 940 1980 211]anng
988 1930 1092 1978 qua,
1139 1929 1164 1967 fi
1193 1938 1270 1966 non

125 2005 174 2044 de
184 2005 290 2053 jure,
317 2002 378 2042 sed
396 2005 440 2042 de
459 2004 566 2043 factis
585 2005 730 2054 agitur,
757 2014 858 2043 recte
879 2003 1187 2054 praesumtionem
1208 2000 1278 2039 niti

127 2075 342 2123 contendit,
377 2076 627 2116 conferendus
657 2086 713 2115 est
742 2078 826 2117 Cel.
874 2078 945 2117 To
961 2076 1135 2117 ullier.
1182 2076 1205 2113 l.
1237 2075 1267 2112 l.

127 2154 183 2190 η’.
212 2151 290 2198 26,
327 2150 476 2191 verbis:
517 2179 543 2203 „
565 2152 749 2202 Analogia
786 2159 840 2190 est
864 2164 917 2190 un
952 2157 1026 2189 mot
1053 2149 1189 2188 derive‘
1225 2146 1276 2185 da

1128 2248 1153 2271 „
1180 2219 1278 2259 Grec
