1513 2734
558 138 787 197 (43)

103 292 178 321 nos
213 280 392 322 dicatur:
439 283 588 324 multos
626 284 715 325 vicli
748 296 899 339 aequos
929 280 1131 338 adversus
1158 281 1228 323 ho-

103 365 263 414 mines,
295 363 497 419 adversm
525 367 645 408 deum
672 368 820 408 nullos.
880 365 998 408 Nihil
1040 368 1081 407 in
1122 366 1238 407 malis

105 439 323 498 ducamus,
357 450 469 503 quod
499 451 544 491 fit
566 464 587 490 a
604 450 700 492 Deo
714 450 932 492 immortali
948 450 1240 499 constitutum,

106 531 261 584 ipsique
301 535 438 585 potius
504 535 649 588 gratias
691 547 882 589 agamus,
928 533 1041 595 qnod
1087 532 1243 585 reliqua

106 616 352 656 Academiae
382 617 488 657 bona
517 629 599 657 non
631 616 760 658 solum
800 602 998 666 servavit,
1031 617 1098 659 sed
1125 616 1244 656 novis

106 700 227 738 etiam
255 701 392 748 auxit,
426 701 466 739 in
480 679 676 753 ³⁶qnibus,
714 701 826 754 quod
856 701 977 750 «dixi,
1021 702 1061 740 in
1100 701 1243 753 primis

107 782 410 822 memorandum
439 795 526 833 est,
558 784 672 837 quod
697 784 866 837 sapienti
891 785 999 838 regis
1043 782 1214 823 confilio
1231 812 1248 832 ,

107 863 363 905 suadentibus
393 867 561 920 optimis
591 867 709 921 hujus
752 866 997 908 Academiae
1033 865 1247 906 Curatori-

108 948 209 997 bus,
242 961 385 990 munus
415 949 662 992 professoris
697 952 737 990 in
767 950 957 992 facultate
985 948 1245 1003 Theologiae

107 1031 286 1072 'delatum
340 1031 419 1073 fuit
462 1032 573 1073 Viris
625 1032 866 1074 Clarissimis
918 1033 950 1073 B
968 1046 1034 1073 ou
1050 1043 1203 1071 mann
1221 1044 1248 1071 o

106 1126 150 1154 et
177 1114 571 1166 Royaardsio‚
609 1129 713 1168 quos
741 1116 822 1157 hoc
857 1115 961 1156 loco
989 1114 1156 1169 publice
1188 1114 1247 1155 sa-

108 1196 236 1237 lutare
276 1197 460 1252 collegas
489 1210 638 1252 magno
679 1199 780 1238 mihi
813 1198 964 1253 gaudio
991 1209 1065 1238 est.
1123 1181 1273 1238 Faxit'

108 1278 225 1321 Deus
239 1310 251 1329 ‚
284 1292 351 1330 ut,
382 1292 512 1321 vestra
528 1282 648 1322 etiam
663 1281 911 1322 institutione
927 1292 968 1321 et
983 1281 1215 1334 praeceptis
1231 1312 1246 1330 ‚

108 1364 150 1405 in
171 1363 246 1404 hac
273 1364 494 1405 Academia
519 1366 646 1419 magis
675 1366 883 1418 magisque
913 1363 1067 1405 crescat
1096 1376 1136 1404 et
1163 1366 1248 1405 veri

108 1458 149 1486 et
178 1447 278 1488 boni
305 1447 507 1498 studiumz,
539 1440 747 1489 ut'sensus
777 1447 941 1489 moralis
967 1459 1009 1488 et
1035 1448 1249 1502 religiosus

108 1541 247 1571 mutua
273 1532 313 1571 vi
341 1519 609 1579 excolantur,
641 1544 763 1585 atque
790 1531 919 1573 indies
950 1531 1145 1587 majorem
1163 1532 1247 1571 vim

107 1615 319 1667 acquirant
345 1616 385 1654 in
412 1616 567 1655 animos
593 1615 786 1669 juvenum
803 1646 816 1664 ‚
863 1616 1049 1668 inprimis
1077 1627 1248 1662 eorum,

57 1722 60 1741 2
107 1698 257 1751 quibus
297 1698 453 1739 sanctae
496 1697 707 1753 religionis
748 1697 1002 1739 Christianae
1031 1710 1251 1752 praecepta

106 1780 288 1822 tradendi
331 1781 636 1823 deinandabitur
674 1795 783 1823 cura.
843 1781 928 1830 Ita,
968 1795 1070 1835 qnae
1099 1781 1250 1822 summa

106 1875 169 1905 est
194 1864 369 1906 felicitas
386 1896 399 1916 ,
431 1878 533 1919 quae
564 1866 640 1907 hac
667 1867 710 1906 in
737 1879 840 1907 terra
867 1866 1023 1906 homini
1052 1865 1136 1905 esse
1170 1877 1248 1917 po-

84 1959 215 1998 stest,
258 1950 377 1990 vobis
423 1951 662 2005 contingat,
710 1961 754 1990 ut
792 1961 922 1990 vestra
951 1951 1072 1989 etiam
1101 1949 1178 1989 fide
1206 1959 1249 1988 et

106 2032 256 2072 virtute
282 2033 501 2074 stabiliatur
515 2064 528 2084 ,
566 2033 806 2088 perficiatur
818 2064 831 2084 ‚
878 2032 1118 2074 extendatur
1150 2044 1248 2086 reb-

108 2126 209 2156 num
231 2114 333 2156 Dei.

164 2197 227 2238 Te
251 2212 353 2242 vero
376 2213 469 2242 cum
485 2202 645 2244 intueor
661 2232 673 2253 ,
706 2200 939 2244 Clarisfime
955 2200 1242 2254 Royaards‚

1191 2295 1254 2324 tu-
