1513 2734
501 146 758 204 (101)

125 292 188 334 ῑῑο
229 289 435 338 versatur,
478 289 539 329 uti
575 287 777 338 vidimus,
823 282 932 328 cir'ca
960 293 1129 340 'partem
1142 293 1341 344 quamtctvi-

127 360 290 404 civilem
330 361 372 400 in
408 357 574 414 judiciis
614 357 909 401 criminalibus.
998 335 1342 425 Stint,{}'2⁷'}u{¹i¹g}}{¹t

125 433 197 486 qui
225 429 504 478 contendunt,
547 442 635 471 eam
675 429 760 471 esse
783 431 867 470 vim
892 428 952 468 rei
975 426 1131 482 judica·
1145 427 1320 462 criminali-

125 512 191 542 tae
220 502 260 541 in
289 499 601 549 criminalibus,
644 510 690 540 ut
726 499 773 540 efi
801 508 969 552 quoque
1000 508 1132 537 tenea·
1144 474 1221 509 bus.

127 580 192 610 tur
234 582 328 623 pars
369 569 530 619 civilis,
575 581 679 623 quae
720 569 875 610 delicto
912 567 1133 609 commisso

125 636 230 679 laesa
254 638 326 689 fit,
358 640 438 688 ita,
468 652 514 680 ut
542 640 569 681 fi
598 652 637 680 v.
665 652 726 695 gr.
757 638 910 680 furtum
937 638 1134 679 commis·

126 708 212 750 sum
254 721 316 751 est
359 723 480 766 atque
505 725 528 752 a
555 709 741 766 suprema
768 708 894 751 Curifi
919 706 1137 750 Criminali
1166 748 1168 750 .

123 777 358 832 judicatur,
387 794 502 823 reum
533 779 824 823 absolvendum
858 778 972 829 esse,
1017 778 1138 833 hujus

127 847 344 891 sententiae
370 863 418 892 ea
442 851 489 893 fit
517 842 768 902 auctoritas{
799 862 844 893 ut
868 852 937 899 ei,
983 849 1050 890 cui
1075 860 1141 890 res

126 917 239 960 furto
280 920 413 963 ablata
449 933 538 972 est,
583 935 668 964 non
696 921 870 975 amplius
895 919 1045 969 liceat,
1092 918 1143 960 de

128 989 247 1044 hujus
275 992 335 1032 rei
360 994 619 1034 restitutione
646 1005 740 1034 cum
766 990 855 1033 fure
881 1002 1015 1045 agere.
1053 987 1142 1030 Alii

128 1072 228 1101 vero
249 1061 435 1113 docent,
480 1062 810 1118 distinguendum
849 1061 961 1110 esse,
1004 1069 1142 1101 utrum

127 1143 221 1185 pars
263 1132 399 1174 civilis
441 1134 484 1174 in
529 1133 618 1188 ipso
643 1133 803 1189 judicio
833 1128 1033 1173 criminali
1072 1127 1142 1169 ad-

127 1201 281 1254 fuerit,
326 1215 402 1246 nec
441 1217 522 1256 ne,
567 1205 662 1247 dum
699 1202 921 1257 posteriori
947 1201 1039 1242 casu
1065 1210 1143 1252 pu-

130 1282 214 1312 tant
230 1302 244 1322 ‚
275 1285 432 1327 partem
461 1274 606 1316 laesam
632 1271 879 1316 nullomodo
904 1270 1031 1312 teneri
1047 1281 1143 1310 auc·

83 1373 87 1376 .
130 1344 295 1384 toritate
334 1346 394 1385 rei
435 1347 476 1385 in
517 1345 644 1387 Curia
673 1341 890 1386 Criminali
923 1341 1143 1396 judicatae.

130 1412 315 1454 Priorem
342 1415 580 1456 sententiam
607 1417 648 1456 in
677 1415 822 1470 primis
858 1412 974 1453 fovet
999 1408 1142 1463 Ampl.

129 1482 353 1525 Merlin
382 1483 492 1539 (1),
539 1485 780 1538 posterioris
806 1495 907 1523 vero
935 1480 1145 1534 opinionis

129 1566 275 1596 aue-tor
326 1557 572 1608 praecipuus
637 1555 789 1596 exstitit
842 1551 912 1594 Cl.
972 1551 1011 1592 T
1028 1549 1145 1592 oul-

131 1624 247 1666 lier
277 1623 386 1679 (2),
418 1625 488 1678 qui
517 1626 654 1665 omnia
675 1624 761 1665 fere
788 1621 1000 1664 adversarii
1026 1632 1145 1675 argue

84 1747 87 1749 Δ
132 1705 268 1735 menta
292 1696 461 1750 egregie
486 1693 698 1735 refutavit:
732 1705 904 1746 quorum
929 1701 1144 1746 argumen-

134 1775 268 1806 torum
310 1764 432 1806 nobis
461 1763 600 1805 saltem
642 1777 688 1804 ea
729 1775 811 1803 non
852 1762 931 1802 fuit
964 1761 1142 1801 auctori-

133 1845 222 1887 tas,
251 1846 297 1879 ut
326 1836 525 1889 possimus
554 1833 894 1875 Toullierii
922 1830 1141 1871 sententiae

1046 1910 1141 1940 ,non

179 2017 199 2064 (
206 2017 244 2064 1)
273 2018 437 2063 Questions
450 2021 490 2054 de
512 2021 610 2055 Droit
625 2045 635 2060 ,
661 2023 713 2063 3¹³⁰
736 2017 825 2053 Edit.
860 2017 892 2049 in
917 2013 1005 2047 vo'ce
1028 2013 1145 2053 Faux,

136 2077 155 2121 S
180 2076 224 2116 6,
259 2085 295 2108 et
320 2075 530 2120 Repertoire,
555 2077 587 2110 in
610 2077 752 2110 vocibus
777 2072 870 2116 Chofi:
888 2071 1010 2114 Jugc‘e,
1034 2072 1052 2115 §
1083 2078 1120 2113 ¹5
1133 2099 1145 2117 ‚

137 2141 172 2168 et
200 2131 367 2167 Ministere
386 2134 514 2178 public,
540 2135 572 2178 §⁴
604 2142 633 2169 1.

182 2186 246 2233 (ε)
269 2189 293 2223 Ι.
313 2189 337 2223 Ι.
356 2187 409 2224 11⁰.
438 2200 503 2233 240
520 2209 532 2215 -
547 2197 626 2234 259·
