1513 2734
732 152 958 210 (256)

275 296 469 349 aptiores.
529 290 740 346 Quocirca
769 304 846 333 nec
874 291 1130 335 Tertulliano
1161 292 1235 335 hac
1278 293 1318 333 in
1362 305 1404 334 re

278 366 448 406 omnino
486 362 777 402 assentiendum
821 376 935 415 puto.
997 364 1077 405 Hic
1122 366 1228 404 enim
1282 375 1405 417 quae-

275 445 439 485 cunque
476 434 613 487 generi
660 433 836 473 humano
879 435 1041 488 gentive
1080 433 1289 476 Romanae
1330 446 1405 473 un-

274 504 629 559 quam-evenerint
661 501 791 550 mala,
823 514 867 542 ea
899 505 1032 542 omnia
1064 503 1156 544 huic
1189 487 1271 544 Dei
1303 515 1404 545 con·

275 575 365 618 filio
392 573 617 614 adscribere
649 572 835 619 videtur,
876 585 919 613 ut
947 586 967 613 a
998 574 1236 615 mortalibus
1277 574 1404 615 deiic-

264 656 409 686 .torum
454 644 755 697 impietatisque
787 654 938 694 poenas
977 655 1193 696 repeteret.
1254 643 1404 697 Neque

273 717 394 755 etiam
423 725 688 768 argumenta..
721 713 869 765 quibus
895 726 1020 766 porro
1050 713 1283 754 adversariis
1312 726 1404 767 per-

271 783 459 832 suadeat,
507 795 586 824 non
628 785 804 830 deasua,
851 784 916 824 sed
959 796 1081 825 unum
1129 782 1266 824 Deum
1307 795 1406 836 qua-

270 867 525 908 rumcunque
567 853 838 895 calamitatum
880 854 963 894 esse
1015 866 1254 904 auctorem,
1300 852 1405 894 mul·

273 937 359 966 tum
391 926 522 966 valere
552 924 753 966 videntur.
830 924 929 982 Quo
965 928 1071 966 enim
1099 926 1188 981 jure
1233 936 1404 967 conten-

270 996 366 1043 dat,
414 997 587 1047 imperio
632 995 824 1037 Romano
869 995 972 1037 mala
1014 996 1192 1036 evenisse
1220 995 1402 1044 leviora,

269 1078 322 1107 ex
353 1079 437 1118 quo
476 1065 698 1107 Christiani
742 1066 793 1105 ab
831 1066 1043 1109 idolorum
1088 1065 1201 1107 cultu
1243 1065 1322 1106 sese
1354 1064 1406 1105 ad

268 1150 393 1178 unum
451 1150 588 1177 verum
645 1136 783 1177 Deum
842 1137 1163 1186 convertissent,
1227 1147 1403 1188 eumque

270 1207 464 1262 precibus
493 1207 571 1248 suis
598 1219 645 1248 ac
669 1207 818 1259 pietate
846 1206 1008 1261 populo
1040 1206 1233 1248 Romano
1275 1207 1403 1260 magis

272 1279 500 1332 propitium
543 1276 835 1327 reddidissent,
879 1290 962 1318 non
1008 1277 1143 1318 video.
1234 1276 1404 1318 Constat

271 1350 494 1396 nimirum,
541 1346 642 1388 illud
667 1360 809 1388 aevum
839 1347 1038 1389 Romanis
1089 1347 1227 1389 multis
1270 1347 1404 1387 nomi-

273 1419 395 1460 nibus
439 1417 555 1458 valde
599 1417 876 1460 calamitosum
914 1419 1048 1460 fuisse.
1149 1416 1299 1471 Neque
1328 1418 1404 1458 eti-

267 1502 367 1539 am,
412 1488 524 1542 quod
557 1487 761 1540 sequitur,
800 1500 1080 1543 argumentum
1120 1489 1297 1542 probare
1334 1500 1403 1528 au-

273 1561 357 1603 fim.
434 1558 532 1600 Inde
574 1558 753 1607 scilicet‚
801 1559 913 1613 quod
968 1558 1173 1600 idolorum
1223 1558 1403 1599 cultores

272 1629 402 1684 vulgo
432 1628 601 1678 iisdem,
635 1630 784 1681 quibus
821 1629 1073 1676 Christiani,
1106 1627 1405 1686 calamitatibus

271 1700 405 1740 essent
435 1699 634 1744 obnoxii,
680 1699 836 1740 efficere
875 1698 1032 1748 studet,
1080 1690 1211 1747 idola,
1243 1699 1313 1740 nisi
1344 1711 1405 1739 es-

274 1770 361 1811 sent
398 1770 654 1823 injustissima
681 1771 874 1822 omnique
903 1768 1016 1810 cultu
1045 1769 1237 1822 indigna,
1269 1781 1404 1809 earum

273 1842 463 1895 auctores'
505 1839 621 1880 nulio
648 1840 773 1880 modo
803 1839 920 1892 posse
958 1839 1111 1880 haberi.
1186 1837 1406 1879 Existimat

273 1912 411 1957 enim,
441 1909 558 1950 Deos
575 1911 713 1962 inique
729 1922 892 1951 acturos
920 1910 1031 1959 esse,
1064 1910 1089 1950 fi
1119 1910 1210 1961 pios
1238 1922 1404 1962 quoque

225 1972 227 1975 ¹
271 1980 366 2022 suos
399 1980 579 2021 cultores
607 1993 746 2020 eorum
791 1980 989 2021 malorum
1031 1979 1243 2020 redderent
1283 1981 1404 2032 parti-

274 2053 419 2103 cipes,
479 2064 580 2100 quae
628 2050 848 2091 Christiani
889 2051 961 2091 fibi
1004 2049 1100 2090 solis
1130 2050 1184 2090 ob
1237 2050 1404 2091 illorum

273 2135 528 2163 contemtum
586 2123 731 2161 merito
785 2119 1092 2163 contraxissent.
1182 2119 1249 2161 Ad
1291 2119 1405 2174 quod

272 2205 408 2235 autem
438 2192 464 2232 fi
494 2193 585 2246 quis
615 2192 696 2234 hoc
727 2194 871 2246 reponi
910 2191 1031 2246 posse
1070 2201 1252 2246 putaret:
1304 2220 1333 2243 ‚,
1363 2202 1404 2232 at

1274 2289 1305 2314 2>
1334 2273 1403 2302 ve·
