1513 2734
639 143 860 199 (61)

162 307 193 328 „
222 276 394 330 liceret,
440 293 559 333 quam
604 283 793 324 occidere
809 283 860 325 ?''
913 281 999 338 five
1056 282 1229 340 denique
1271 299 1296 328 e

161 346 354 390 Romano
404 351 578 403 imperio
615 355 656 393 in
699 354 795 395 alias
835 355 1046 412 migrando
1076 356 1292 409 regiones:

161 448 192 468 „
224 419 371 480 procul
403 419 529 463 dubio
561 423 673 473 fic,”
698 426 862 480 pergit,
895 456 924 474 „
956 425 1218 479 expavissetis
1243 426 1295 467 ad

164 518 194 538 „
227 488 485 532 solitudinem
529 505 727 545 vestram,
774 496 822 536 ad
863 495 1062 537 filentium
1093 508 1227 538 rerum
1252 509 1294 537 et

160 587 191 608 „
221 558 426 612 stuporem
452 564 651 614 quendam
681 566 788 617 quali
817 568 967 607 mortui
999 566 1138 615 orbis,
1169 579 1293 621 quae-

161 656 192 676 „
225 628 393 678 fissetis,
425 633 574 684 quibus
599 635 897 686 imperaretis.”
957 636 1075 691 Quae
1101 637 1294 691 profecto

158 696 401 740 Tertulliani
429 703 577 752 verba,
623 706 806 757 quamvis
832 718 918 746 rem
950 706 1116 747 subinde
1146 709 1293 748 immo-

158 767 249 808 dice
278 772 460 820 auxerit,
503 773 624 812 unice
653 785 746 826 apta
783 787 924 825 erant,
969 778 1117 830 quibus
1143 778 1292 832 judici-

157 837 233 878 bus
270 839 428 880 abunde
485 842 814 896 persuaderetur,
866 845 1153 898 Christianos,
1194 847 1294 889 licet

155 907 285 950 festos
327 923 374 952 ac
417 910 603 953 solennes
642 914 726 955 dies
767 915 874 956 haud
916 917 1084 970 publice
1112 917 1292 959 celebra-

154 990 274 1029 rent,
306 992 437 1036 neque
467 981 675 1036 Caesaris,
706 997 838 1040 neque
865 987 1040 1041 populi,
1078 988 1163 1030 esse
1197 988 1291 1030 hos-

155 1059 216 1091 tes
248 1049 272 1104 ζ
281 1048 343 1103 1).

215 1155 219 1158 .
271 1122 378 1164 Cum
422 1136 521 1165 vero
561 1125 785 1169 Christiani
826 1127 867 1168 se
904 1129 988 1170 vita
1027 1141 1075 1170 ac
1106 1129 1293 1179 moribus

154 1204 178 1232 a
206 1182 369 1242 caetero
398 1196 558 1251 populo
587 1200 751 1250 prorsus
774 1199 1097 1254 distinguerent,
1128 1212 1203 1240 nec
1233 1199 1294 1240 fe·
1352 1205 1354 1207 '

153 1255 454 1317 re'quidquam
499 1279 592 1308 cum
626 1280 688 1314 ,eo
733 1254 950 1309 com'mune
993 1269 1142 1310 habere
1184 1269 1292 1311 velle

155 1333 415 1384 viderentur,
439 1333 705 1390 factionem,
743 1338 993 1392 reipublicae
1021 1339 1162 1381 statum
1194 1352 1293 1381 con-

115 1396 117 1399 ’
154 1402 386 1455 vulsuram,
432 1409 613 1462 cogitare
653 1409 933 1451 censebantur.
1008 1408 1088 1451 Cui
1128 1410 1293 1464 quidem

153 1473 468 1516 adversariorum
512 1479 710 1531 vopinioni
781 1478 1037 1537 summopere
1106 1479 1296 1522 favebant
1343 1529 1346 1532 Δ

154 1544 481 1587 Christianorum
524 1561 750 1590 conventus
789 1549 1028 1591 clandestini
1071 1551 1296 1605 primisque

154 1613 236 1654 illis
262 1617 516 1671 temporibus
543 1622 747 1660 nocturni.
780 1618 934 1674 Quales
959 1631 1186 1661 conventus
1216 1622 1295 1660 rei-

154 1684 347 1737 publicae
403 1686 662 1739 periculosos
718 1688 803 1729 esse
849 1702 940 1730 cum
997 1689 1176 1731 Romani
1222 1690 1294 1731 usu

153 1754 291 1796 edocti
337 1755 494 1802 essent,
551 1756 681 1812 lege
744 1758 1003 1803 Gabinia
1052 1760 1295 1814 quempiam

153 1825 352 1867 coitiones
380 1826 670 1870 clandestinas
701 1829 888 1885 conflare
927 1841 1171 1878 vetuerunt,
1216 1828 1296 1872 lm-

151 1908 249 1937 rum
271 1897 538 1951 participem
569 1900 757 1952 capitali
786 1897 999 1956 supplicio
1014 1900 1296 1956 plectendum

152 1963 234 2021 esse
265 1967 553 2009 constituentes
581 1966 677 2023 (α).
1194 2029 1232 2070 Τ

1233 2042 1295 2072 er-

197 2123 261 2170 (1)
284 2128 412 2172 Apolog.
441 2137 472 2163 c.
497 2138 539 2172 35
555 2149 568 2156 -
585 2139 638 2174 37.
661 2130 711 2164 ad
725 2131 895 2176 Scapulam
918 2130 1045 2174 passim.

196 2182 260 2228 (2)
285 2184 532 2227 Rosinus‚
572 2187 594 2222 l.
636 2188 657 2224 1.
681 2199 714 2232 p.
762 2189 841 2231 638.
866 2188 1285 2230 Tzschirner,1.1.

151 2238 186 2274 S.
208 2250 287 2285 2¹9·
