1513 2734
713 176 967 232 (116)

276 320 375 360 nio
417 317 586 359 debetur
621 314 754 374 honos
796 312 987 370 insignis,
1032 313 1144 369 quod
1180 326 1230 356 ex
1273 313 1391 369 huius

273 388 467 443 principii
483 380 761 439 applicatione
777 414 790 431 ‚
823 398 1012 440 magnum
1026 385 1185 434 lumen,
1214 396 1286 436 per
1302 396 1390 424 om·

274 471 369 499 nem
396 456 505 497 illius
538 455 735 508 temporis
766 453 1078 504 Mechanicam,
1111 449 1360 507 expanderit.

328 526 402 567 IX.
435 525 623 567 Summus
653 523 894 566 Newton
913 539 972 567 us
1001 525 1187 580 praebuit
1223 524 1391 565 demon-

268 596 500 637 strationem
529 592 639 650 (1),
672 595 795 650 cujus
824 594 982 635 indoles
1006 608 1147 649 parum
1173 593 1391 641 admodum

267 662 400 704 differt
429 664 479 704 ab
534 664 674 706 indole
726 663 1076 706 demonstrationis
1115 663 1391 718 Varigno-

266 733 399 772 nian
415 747 436 774 a
452 745 474 772 e
492 762 505 782 ,
537 732 606 774 sed
629 732 711 773 alio
740 734 865 775 modo
890 736 1102 776 enunciata
1143 744 1218 774 est.
1289 732 1391 774 Pro·

264 803 402 855 posuit
430 813 589 852 autem,
619 813 665 843 ut
691 803 905 846 citavimus
922 836 935 855 ‚
983 817 1062 845 tres
1088 803 1201 859 leges
1229 815 1388 852 motus,

265 884 433 924 quarum
464 872 595 924 prima
629 871 683 912 fic
714 871 753 911 se
785 873 935 916 habet:
967 888 1082 915 omne
1109 880 1258 926 corpus
1284 879 1389 926 per-

255 939 435 997 severat
473 941 519 981 in
548 940 669 996 statu
687 939 796 994 fue,
838 945 1076 998 quiescendi
1103 943 1171 983 vel
1197 941 1389 983 movendi

264 1008 544 1064 uniformiter
578 1010 623 1050 in
653 1009 889 1063 directum,
920 1026 1047 1067 eaque
1075 1014 1115 1052 in
1145 1011 1390 1053 demonstra-

265 1081 378 1120 tione
420 1078 868 1133 Varignoniana
913 1095 997 1123 non
1049 1083 1257 1136 proposita
1296 1092 1387 1130 est,

263 1150 334 1191 sed*
356 1150 524 1204 profluit
550 1149 693 1204 sponte
712 1164 735 1192 e
756 1151 1107 1192 demonstrationis
1122 1160 1241 1192 nexu.
1275 1149 1387 1192 Hinc

264 1221 388 1275 igitur
415 1220 622 1274 sequitur,
661 1234 812 1274 corpus
840 1220 962 1276 (Fig.
997 1218 1062 1272 ι.)
1083 1251 1096 1270 ,
1128 1222 1281 1262 moveri
1313 1234 1388 1275 per

263 1301 427 1329 omnem
457 1291 600 1330 virium
629 1291 863 1339 actionem,
909 1301 950 1331 et
991 1303 1065 1343 per
1096 1303 1262 1332 omnem
1296 1303 1385 1332 mo·

263 1368 377 1408 tum,
422 1359 464 1399 in
505 1358 702 1401 directum
744 1359 782 1400 A
800 1359 857 1400 D.
887 1383 924 1392 —
952 1359 1084 1401 Porro
1113 1362 1174 1401 vis
1204 1359 1235 1400 P
1260 1372 1385 1402 cona-

263 1440 328 1469 tur
354 1441 506 1482 corpus
535 1440 700 1469 movere
726 1429 863 1470 versus
891 1429 996 1471 latus
1038 1425 1128 1471 BD
1166 1429 1384 1484 parallelo·

261 1500 433 1553 gramini
460 1497 547 1538 AB
565 1498 605 1539 D
622 1499 685 1539 C:
716 1511 838 1554 atque
865 1501 906 1540 in
933 1500 1014 1541 hoe
1043 1513 1185 1550 motu,
1229 1500 1385 1554 perspi-

262 1580 339 1609 cue
367 1580 448 1609 non
476 1569 694 1621 impeditur
721 1572 884 1610 actione
908 1568 1052 1625 visQ,
1089 1571 1129 1611 in
1158 1570 1385 1612 directione

262 1637 354 1679 AC
381 1639 561 1693 agentis:
594 1651 745 1692 corpus
776 1640 901 1694 igitur
930 1639 1074 1679 eodem
1101 1651 1286 1693 tempore
1315 1654 1384 1683 ac·
1419 1678 1422 1679 γ

262 1708 374 1750 cedit
412 1708 463 1749 ad
504 1708 650 1749 lineam
692 1708 816 1758 BD,
861 1710 939 1751 five
982 1710 1043 1750 vis
1075 1708 1116 1764 Q
1152 1721 1272 1764 agat,
1304 1711 1384 1751 five

261 1791 344 1819 non
357 1789 475 1833 agat:
509 1790 691 1831 tempore
709 1779 783 1820 illo
801 1780 935 1832 itaque
952 1779 1144 1833 prolapso
1161 1809 1175 1828 ‚
1204 1779 1384 1821 versatur

262 1848 362 1889 alibi
389 1849 430 1888 in
455 1847 560 1888 linea
587 1848 619 1889 B
636 1847 694 1888 D.
756 1848 910 1889 Eadem
935 1847 1070 1889 valent
1100 1848 1149 1889 de
1188 1851 1227 1891 vi
1251 1848 1292 1905 Q
1320 1862 1382 1892 ra-

263 1921 376 1960 tione
400 1919 462 1958 vis
504 1917 564 1967 P;
612 1930 863 1972 quapropter
903 1928 1000 1969 post
1044 1917 1149 1958 idem
1194 1930 1380 1973 tempuS‚

263 2001 415 2042 corpus
444 1988 521 2029 erit
546 1986 698 2028 alicubi
722 1989 761 2027 in
792 1987 898 2028 linea
937 1986 1059 2036 CI),
1105 2000 1227 2041 atque
1256 1989 1381 2046 igitur

261 2057 441 2099 versetur
469 2058 510 2098 in
537 2068 693 2111 puncto
716 2055 758 2098 D
789 2068 980 2112 oportet:
1012 2069 1183 2118 eamque
1208 2058 1264 2100 ob
1281 2072 1379 2101 cau·

1296 2129 1379 2170 sam

310 2205 373 2251 (1)
397 2205 474 2239 Vid.
505 2205 576 2247 ejtis
600 2215 683 2248 opus
710 2205 866 2239 eximium
904 2207 1013 2239 Princ.
1047 2204 1162 2240 Math.
1198 2205 1257 2241 Ph.
1291 2205 1379 2242 Nat.

263 2261 339 2298 Lib.
368 2265 395 2298 Ι.
422 2266 590 2298 axiomata
611 2261 669 2305 seu
692 2264 770 2308 leges
797 2270 920 2303 motus,
943 2262 1072 2298 Coroll.
1095 2263 1122 2297 1.
