<?xml version="1.0" encoding="UTF-8"?>
<!DOCTYPE html PUBLIC "-//W3C//DTD XHTML 1.0 Transitional//EN"
    "http://www.w3.org/TR/xhtml1/DTD/xhtml1-transitional.dtd">
<html xmlns="http://www.w3.org/1999/xhtml" xml:lang="en" lang="en">
 <head>
  <title>
</title>
<meta http-equiv="Content-Type" content="text/html;charset=utf-8" />
  <meta name='ocr-system' content='tesseract 3.04.00' />
  <meta name='ocr-capabilities' content='ocr_page ocr_carea ocr_par ocr_line ocrx_word'/>
</head>
<body>
  <div class='ocr_page' id='page_1' title='image "annalesacademiae23acad_0103.png"; bbox 0 0 1513 2734; ppageno 0'>
   <div class='ocr_carea' id='block_1_1' title="bbox 571 145 795 202">
    <p class='ocr_par' dir='ltr' id='par_1_1' title="bbox 571 145 795 202">
     <span class='ocr_line' id='line_1_1' title="bbox 571 145 795 202; baseline -0.009 0"><span class='ocrx_word' id='word_1_1' title='bbox 571 145 795 202; x_wconf 83' lang='lat'><em>(21)</em></span> 
     </span>
    </p>
   </div>
   <div class='ocr_carea' id='block_1_2' title="bbox 110 282 1246 820">
    <p class='ocr_par' dir='ltr' id='par_1_2' title="bbox 110 282 1246 820">
     <span class='ocr_line' id='line_1_2' title="bbox 114 282 1240 339; baseline -0.001 -13"><span class='ocrx_word' id='word_1_2' title='bbox 114 286 269 339; x_wconf 82' lang='lat' dir='ltr'>perium</span> <span class='ocrx_word' id='word_1_3' title='bbox 311 283 553 335; x_wconf 80' lang='lat' dir='ltr'>fundarunt,</span> <span class='ocrx_word' id='word_1_4' title='bbox 612 287 666 327; x_wconf 85' lang='lat' dir='ltr'>ita</span> <span class='ocrx_word' id='word_1_5' title='bbox 724 285 830 327; x_wconf 86' lang='lat' dir='ltr'>valet</span> <span class='ocrx_word' id='word_1_6' title='bbox 865 284 986 325; x_wconf 82' lang='lat' dir='ltr'>etiam</span> <span class='ocrx_word' id='word_1_7' title='bbox 1025 283 1074 326; x_wconf 88' lang='lat' dir='ltr'>de</span> <span class='ocrx_word' id='word_1_8' title='bbox 1113 282 1240 326; x_wconf 86' lang='lat' dir='ltr'>Clero</span> 
     </span>
     <span class='ocr_line' id='line_1_3' title="bbox 114 365 1244 420; baseline 0.001 -12"><span class='ocrx_word' id='word_1_9' title='bbox 114 366 306 408; x_wconf 88' lang='lat' dir='ltr'>Romano</span> <span class='ocrx_word' id='word_1_10' title='bbox 350 379 391 408; x_wconf 90' lang='lat' dir='ltr'>et</span> <span class='ocrx_word' id='word_1_11' title='bbox 417 367 607 410; x_wconf 80' lang='lat' dir='ltr'>Romano</span> <span class='ocrx_word' id='word_1_12' title='bbox 637 367 852 409; x_wconf 88' lang='lat' dir='ltr'>Pontifice.</span> <span class='ocrx_word' id='word_1_13' title='bbox 924 365 1030 409; x_wconf 86' lang='lat' dir='ltr'>Nam</span> <span class='ocrx_word' id='word_1_14' title='bbox 1054 366 1244 420; x_wconf 88' lang='lat' dir='ltr'>profecto</span> 
     </span>
     <span class='ocr_line' id='line_1_4' title="bbox 114 439 1241 500; baseline 0.002 -11"><span class='ocrx_word' id='word_1_15' title='bbox 114 451 154 489; x_wconf 90' lang='lat' dir='ltr'>in</span> <span class='ocrx_word' id='word_1_16' title='bbox 185 449 333 491; x_wconf 59' lang='lat' dir='ltr'><strong>summa}</strong></span> <span class='ocrx_word' id='word_1_17' title='bbox 360 450 432 491; x_wconf 60' lang='lat' dir='ltr'>ista</span> <span class='ocrx_word' id='word_1_18' title='bbox 461 453 548 492; x_wconf 87' lang='lat' dir='ltr'>aevi</span> <span class='ocrx_word' id='word_1_19' title='bbox 576 451 696 491; x_wconf 87' lang='lat' dir='ltr'>medii</span> <span class='ocrx_word' id='word_1_20' title='bbox 725 439 907 492; x_wconf 55' lang='lat' dir='ltr'>berharie</span> <span class='ocrx_word' id='word_1_21' title='bbox 946 461 987 491; x_wconf 90' lang='lat' dir='ltr'>et</span> <span class='ocrx_word' id='word_1_22' title='bbox 1026 450 1241 500; x_wconf 62' lang='lat' dir='ltr'>anau-chia,</span> 
     </span>
     <span class='ocr_line' id='line_1_5' title="bbox 113 526 1246 588; baseline 0.001 -16"><span class='ocrx_word' id='word_1_23' title='bbox 113 533 184 573; x_wconf 89' lang='lat' dir='ltr'>nifi</span> <span class='ocrx_word' id='word_1_24' title='bbox 225 532 464 582; x_wconf 79' lang='lat' dir='ltr'>exstitisset,</span> <span class='ocrx_word' id='word_1_25' title='bbox 499 535 580 587; x_wconf 74' lang='lat' dir='ltr'>&#39;qui</span> <span class='ocrx_word' id='word_1_26' title='bbox 625 526 1087 588; x_wconf 60' lang='lat' dir='ltr'>qualicunque‘tandem</span> <span class='ocrx_word' id='word_1_27' title='bbox 1117 533 1246 588; x_wconf 89' lang='lat' dir='ltr'>impe-</span> 
     </span>
     <span class='ocr_line' id='line_1_6' title="bbox 111 613 1244 671; baseline 0.002 -17"><span class='ocrx_word' id='word_1_28' title='bbox 111 615 174 654; x_wconf 82' lang='lat' dir='ltr'>rio</span> <span class='ocrx_word' id='word_1_29' title='bbox 202 613 410 656; x_wconf 81' lang='lat' dir='ltr'>Ecclesiae</span> <span class='ocrx_word' id='word_1_30' title='bbox 445 615 612 671; x_wconf 62' lang='lat' dir='ltr'>legibus</span> <span class='ocrx_word' id='word_1_31' title='bbox 647 613 880 671; x_wconf 85' lang='lat' dir='ltr'>subjecisset</span> <span class='ocrx_word' id='word_1_32' title='bbox 911 628 1081 666; x_wconf 86' lang='lat' dir='ltr'>omnes,</span> <span class='ocrx_word' id='word_1_33' title='bbox 1113 615 1244 658; x_wconf 85' lang='lat' dir='ltr'>multo</span> 
     </span>
     <span class='ocr_line' id='line_1_7' title="bbox 111 697 1245 754; baseline 0.004 -18"><span class='ocrx_word' id='word_1_34' title='bbox 111 698 231 737; x_wconf 82' lang='lat' dir='ltr'>etiam</span> <span class='ocrx_word' id='word_1_35' title='bbox 263 698 381 752; x_wconf 77' lang='lat' dir='ltr'>pejor</span> <span class='ocrx_word' id='word_1_36' title='bbox 407 697 547 744; x_wconf 81' lang='lat' dir='ltr'>fuisset</span> <span class='ocrx_word' id='word_1_37' title='bbox 574 700 757 753; x_wconf 81' lang='lat' dir='ltr'>gentium</span> <span class='ocrx_word' id='word_1_38' title='bbox 799 699 1102 754; x_wconf 84' lang='lat' dir='ltr'>Europaearum</span> <span class='ocrx_word' id='word_1_39' title='bbox 1145 711 1245 742; x_wconf 90' lang='lat' dir='ltr'>con-</span> 
     </span>
     <span class='ocr_line' id='line_1_8' title="bbox 110 779 224 820; baseline 0 0"><span class='ocrx_word' id='word_1_40' title='bbox 110 779 224 820; x_wconf 88' lang='lat' dir='ltr'>ditio.</span> 
     </span>
    </p>
   </div>
   <div class='ocr_carea' id='block_1_3' title="bbox 107 1025 1251 1992">
    <p class='ocr_par' dir='ltr' id='par_1_3' title="bbox 107 1025 1251 1992">
     <span class='ocr_line' id='line_1_9' title="bbox 134 1025 1243 1082; baseline 0.004 -16"><span class='ocrx_word' id='word_1_41' title='bbox 134 1059 137 1061; x_wconf 95' lang='lat'>.</span> <span class='ocrx_word' id='word_1_42' title='bbox 166 1025 244 1066; x_wconf 91' lang='lat' dir='ltr'>Vel</span> <span class='ocrx_word' id='word_1_43' title='bbox 273 1025 395 1067; x_wconf 83' lang='lat' dir='ltr'>fallor</span> <span class='ocrx_word' id='word_1_44' title='bbox 426 1027 645 1079; x_wconf 81' lang='lat' dir='ltr'><strong>equidem,</strong></span> <span class='ocrx_word' id='word_1_45' title='bbox 692 1028 942 1078; x_wconf 68' lang='lat' dir='ltr'>Audstores,</span> <span class='ocrx_word' id='word_1_46' title='bbox 985 1028 1050 1069; x_wconf 93' lang='lat' dir='ltr'>vel</span> <span class='ocrx_word' id='word_1_47' title='bbox 1091 1030 1132 1069; x_wconf 80' lang='lat' dir='ltr'>in</span> <span class='ocrx_word' id='word_1_48' title='bbox 1158 1028 1243 1082; x_wconf 68' lang='lat' dir='ltr'>ipffi</span> 
     </span>
     <span class='ocr_line' id='line_1_10' title="bbox 107 1095 1243 1164; baseline 0.004 -15"><span class='ocrx_word' id='word_1_49' title='bbox 107 1109 188 1164; x_wconf 67' lang='lat' dir='ltr'>Jam</span> <span class='ocrx_word' id='word_1_50' title='bbox 218 1108 470 1150; x_wconf 85' lang='lat' dir='ltr'>Christianae</span> <span class='ocrx_word' id='word_1_51' title='bbox 499 1095 716 1150; x_wconf 62' lang='lat' dir='ltr'>Societatss</span> <span class='ocrx_word' id='word_1_52' title='bbox 744 1111 980 1152; x_wconf 88' lang='lat' dir='ltr'>conditione</span> <span class='ocrx_word' id='word_1_53' title='bbox 1007 1122 1048 1150; x_wconf 89' lang='lat' dir='ltr'>et</span> <span class='ocrx_word' id='word_1_54' title='bbox 1075 1110 1243 1153; x_wconf 56' lang='lat' dir='ltr'>historiss</span> 
     </span>
     <span class='ocr_line' id='line_1_11' title="bbox 109 1184 1242 1247; baseline 0.002 -15"><span class='ocrx_word' id='word_1_55' title='bbox 109 1191 243 1232; x_wconf 79' lang='lat' dir='ltr'><strong>nunus</strong></span> <span class='ocrx_word' id='word_1_56' title='bbox 281 1204 363 1232; x_wconf 89' lang='lat' dir='ltr'>non</span> <span class='ocrx_word' id='word_1_57' title='bbox 411 1202 589 1232; x_wconf 86' lang='lat' dir='ltr'>vestrum</span> <span class='ocrx_word' id='word_1_58' title='bbox 632 1191 842 1234; x_wconf 81' lang='lat' dir='ltr'>hominum</span> <span class='ocrx_word' id='word_1_59' title='bbox 884 1184 1146 1247; x_wconf 85' lang='lat' dir='ltr'>gentiumque</span> <span class='ocrx_word' id='word_1_60' title='bbox 1181 1194 1242 1234; x_wconf 88' lang='lat' dir='ltr'>di-</span> 
     </span>
     <span class='ocr_line' id='line_1_12' title="bbox 108 1269 1245 1331; baseline 0.003 -17"><span class='ocrx_word' id='word_1_61' title='bbox 108 1273 218 1314; x_wconf 79' lang='lat' dir='ltr'>versa</span> <span class='ocrx_word' id='word_1_62' title='bbox 242 1273 367 1314; x_wconf 85' lang='lat' dir='ltr'>studia</span> <span class='ocrx_word' id='word_1_63' title='bbox 396 1285 436 1314; x_wconf 91' lang='lat' dir='ltr'>et</span> <span class='ocrx_word' id='word_1_64' title='bbox 464 1273 609 1329; x_wconf 86' lang='lat' dir='ltr'>agendi</span> <span class='ocrx_word' id='word_1_65' title='bbox 647 1275 844 1315; x_wconf 83' lang='lat' dir='ltr'>rationem</span> <span class='ocrx_word' id='word_1_66' title='bbox 885 1275 1069 1317; x_wconf 84' lang='lat' dir='ltr'>advertit.</span> <span class='ocrx_word' id='word_1_67' title='bbox 1142 1269 1245 1331; x_wconf 87' lang='lat' dir='ltr'>Agit</span> 
     </span>
     <span class='ocr_line' id='line_1_13' title="bbox 109 1355 1244 1413; baseline 0.002 -16"><span class='ocrx_word' id='word_1_68' title='bbox 109 1357 273 1397; x_wconf 88' lang='lat' dir='ltr'>enimin</span> <span class='ocrx_word' id='word_1_69' title='bbox 294 1356 478 1398; x_wconf 61' lang='lat' dir='ltr'>Ecclefifi</span> <span class='ocrx_word' id='word_1_70' title='bbox 492 1355 622 1398; x_wconf 77' lang='lat' dir='ltr'><em>homo.</em></span> <span class='ocrx_word' id='word_1_71' title='bbox 653 1378 698 1387; x_wconf 90' lang='lat'>-</span> <span class='ocrx_word' id='word_1_72' title='bbox 725 1357 806 1399; x_wconf 88' lang='lat' dir='ltr'>Sed</span> <span class='ocrx_word' id='word_1_73' title='bbox 836 1359 1001 1399; x_wconf 82' lang='lat' dir='ltr'>interius</span> <span class='ocrx_word' id='word_1_74' title='bbox 1026 1359 1145 1399; x_wconf 86' lang='lat' dir='ltr'>etiam</span> <span class='ocrx_word' id='word_1_75' title='bbox 1171 1370 1244 1413; x_wconf 87' lang='lat' dir='ltr'>pe-</span> 
     </span>
     <span class='ocr_line' id='line_1_14' title="bbox 108 1420 1242 1494; baseline 0.001 -14"><span class='ocrx_word' id='word_1_76' title='bbox 108 1420 336 1490; x_wconf 67' lang='lat' dir='ltr'>netremtts,</span> <span class='ocrx_word' id='word_1_77' title='bbox 383 1452 423 1481; x_wconf 94' lang='lat' dir='ltr'>et</span> <span class='ocrx_word' id='word_1_78' title='bbox 451 1441 602 1494; x_wconf 81' lang='lat' dir='ltr'>ipsam,</span> <span class='ocrx_word' id='word_1_79' title='bbox 652 1453 771 1493; x_wconf 84' lang='lat' dir='ltr'>quam</span> <span class='ocrx_word' id='word_1_80' title='bbox 799 1440 979 1494; x_wconf 79' lang='lat' dir='ltr'>professa</span> <span class='ocrx_word' id='word_1_81' title='bbox 1003 1452 1065 1482; x_wconf 89' lang='lat' dir='ltr'>est</span> <span class='ocrx_word' id='word_1_82' title='bbox 1091 1439 1242 1484; x_wconf 84' lang='lat' dir='ltr'>Eccle-</span> 
     </span>
     <span class='ocr_line' id='line_1_15' title="bbox 109 1522 1239 1578; baseline 0 -14"><span class='ocrx_word' id='word_1_83' title='bbox 109 1524 188 1571; x_wconf 77' lang='lat' dir='ltr'>fia,</span> <span class='ocrx_word' id='word_1_84' title='bbox 220 1523 446 1564; x_wconf 84' lang='lat' dir='ltr'>doctrinam</span> <span class='ocrx_word' id='word_1_85' title='bbox 467 1523 723 1578; x_wconf 69' lang='lat' dir='ltr'>indagemus.</span> <span class='ocrx_word' id='word_1_86' title='bbox 784 1523 881 1564; x_wconf 90' lang='lat' dir='ltr'>Fuit</span> <span class='ocrx_word' id='word_1_87' title='bbox 912 1522 981 1564; x_wconf 90' lang='lat' dir='ltr'>illa</span> <span class='ocrx_word' id='word_1_88' title='bbox 1021 1523 1110 1564; x_wconf 80' lang='lat' dir='ltr'>sane</span> <span class='ocrx_word' id='word_1_89' title='bbox 1151 1522 1239 1565; x_wconf 82' lang='lat' dir='ltr'>Re-</span> 
     </span>
     <span class='ocr_line' id='line_1_16' title="bbox 109 1605 1239 1660; baseline 0.001 -14"><span class='ocrx_word' id='word_1_90' title='bbox 109 1606 280 1660; x_wconf 81' lang='lat' dir='ltr'><em>ligionis</em></span> <span class='ocrx_word' id='word_1_91' title='bbox 307 1607 504 1647; x_wconf 74' lang='lat' dir='ltr'>doctrina</span> <span class='ocrx_word' id='word_1_92' title='bbox 536 1605 672 1647; x_wconf 89' lang='lat' dir='ltr'>indole</span> <span class='ocrx_word' id='word_1_93' title='bbox 703 1605 768 1647; x_wconf 59' lang='lat' dir='ltr'>sua</span> <span class='ocrx_word' id='word_1_94' title='bbox 795 1607 958 1657; x_wconf 78' lang='lat' dir='ltr'>divina3</span> <span class='ocrx_word' id='word_1_95' title='bbox 989 1617 1028 1647; x_wconf 82' lang='lat' dir='ltr'>at</span> <span class='ocrx_word' id='word_1_96' title='bbox 1056 1607 1239 1648; x_wconf 81' lang='lat' dir='ltr'>humanis</span> 
     </span>
     <span class='ocr_line' id='line_1_17' title="bbox 108 1688 1251 1739; baseline 0 -9"><span class='ocrx_word' id='word_1_97' title='bbox 108 1688 280 1739; x_wconf 84' lang='lat' dir='ltr'><strong>formis,</strong></span> <span class='ocrx_word' id='word_1_98' title='bbox 323 1689 500 1730; x_wconf 82' lang='lat' dir='ltr'>humano</span> <span class='ocrx_word' id='word_1_99' title='bbox 527 1689 697 1739; x_wconf 82' lang='lat' dir='ltr'>colore,</span> <span class='ocrx_word' id='word_1_100' title='bbox 739 1702 826 1730; x_wconf 89' lang='lat' dir='ltr'>eam</span> <span class='ocrx_word' id='word_1_101' title='bbox 863 1689 1078 1731; x_wconf 84' lang='lat' dir='ltr'>induerunt</span> <span class='ocrx_word' id='word_1_102' title='bbox 1106 1690 1251 1731; x_wconf 81' lang='lat' dir='ltr'><strong>homi--</strong></span> 
     </span>
     <span class='ocr_line' id='line_1_18' title="bbox 107 1770 1239 1827; baseline 0.003 -17"><span class='ocrx_word' id='word_1_103' title='bbox 107 1783 192 1811; x_wconf 90' lang='lat' dir='ltr'>nes.</span> <span class='ocrx_word' id='word_1_104' title='bbox 266 1770 516 1813; x_wconf 80' lang='lat' dir='ltr'>peculiarem</span> <span class='ocrx_word' id='word_1_105' title='bbox 552 1772 772 1822; x_wconf 71' lang='lat' dir='ltr'>sendendi,</span> <span class='ocrx_word' id='word_1_106' title='bbox 822 1772 1057 1827; x_wconf 75' lang='lat' dir='ltr'>cogitandi,</span> <span class='ocrx_word' id='word_1_107' title='bbox 1102 1772 1239 1826; x_wconf 81' lang='lat' dir='ltr'>philo-</span> 
     </span>
     <span class='ocr_line' id='line_1_19' title="bbox 110 1853 1240 1909; baseline 0.002 -15"><span class='ocrx_word' id='word_1_108' title='bbox 110 1853 384 1908; x_wconf 73' lang='lat' dir='ltr'>sophandique</span> <span class='ocrx_word' id='word_1_109' title='bbox 408 1856 605 1896; x_wconf 82' lang='lat' dir='ltr'>rationem</span> <span class='ocrx_word' id='word_1_110' title='bbox 636 1857 676 1896; x_wconf 92' lang='lat' dir='ltr'>in</span> <span class='ocrx_word' id='word_1_111' title='bbox 698 1855 823 1909; x_wconf 87' lang='lat' dir='ltr'>ipsam</span> <span class='ocrx_word' id='word_1_112' title='bbox 844 1855 1129 1898; x_wconf 86' lang='lat' dir='ltr'>transtulerunt</span> <span class='ocrx_word' id='word_1_113' title='bbox 1155 1855 1240 1897; x_wconf 83' lang='lat' dir='ltr'>Re·</span> 
     </span>
     <span class='ocr_line' id='line_1_20' title="bbox 110 1935 542 1992; baseline 0.005 -16"><span class='ocrx_word' id='word_1_114' title='bbox 110 1935 274 1992; x_wconf 88' lang='lat' dir='ltr'><strong>ligionis</strong></span> <span class='ocrx_word' id='word_1_115' title='bbox 301 1937 542 1979; x_wconf 86' lang='lat' dir='ltr'><strong>doctrinam.</strong></span> 
     </span>
    </p>
   </div>
   <div class='ocr_carea' id='block_1_4' title="bbox 170 2101 1238 2158">
    <p class='ocr_par' dir='ltr' id='par_1_4' title="bbox 170 2101 1238 2158">
     <span class='ocr_line' id='line_1_21' title="bbox 170 2101 1238 2158; baseline 0.003 -15"><span class='ocrx_word' id='word_1_116' title='bbox 170 2101 440 2155; x_wconf 86' lang='lat' dir='ltr'>Simplicitate</span> <span class='ocrx_word' id='word_1_117' title='bbox 480 2116 563 2145; x_wconf 91' lang='lat' dir='ltr'>non</span> <span class='ocrx_word' id='word_1_118' title='bbox 615 2106 774 2154; x_wconf 80' lang='lat' dir='ltr'><strong>minus,</strong></span> <span class='ocrx_word' id='word_1_119' title='bbox 822 2118 941 2158; x_wconf 84' lang='lat' dir='ltr'>quam</span> <span class='ocrx_word' id='word_1_120' title='bbox 994 2104 1238 2146; x_wconf 85' lang='lat' dir='ltr'>sublimitate</span> 
     </span>
    </p>
   </div>
   <div class='ocr_carea' id='block_1_5' title="bbox 114 2184 1305 2310">
    <p class='ocr_par' dir='ltr' id='par_1_5' title="bbox 114 2184 1305 2310">
     <span class='ocr_line' id='line_1_22' title="bbox 114 2184 1305 2243; baseline 0.002 -17"><span class='ocrx_word' id='word_1_121' title='bbox 114 2184 193 2226; x_wconf 87' lang='lat' dir='ltr'>sese</span> <span class='ocrx_word' id='word_1_122' title='bbox 234 2185 518 2238; x_wconf 84' lang='lat' dir='ltr'>commendat,</span> <span class='ocrx_word' id='word_1_123' title='bbox 563 2201 682 2242; x_wconf 87' lang='lat' dir='ltr'><strong>quam</strong></span> <span class='ocrx_word' id='word_1_124' title='bbox 709 2187 822 2243; x_wconf 86' lang='lat' dir='ltr'>Jesus</span> <span class='ocrx_word' id='word_1_125' title='bbox 852 2189 1096 2243; x_wconf 87' lang='lat' dir='ltr'>proposuit,</span> <span class='ocrx_word' id='word_1_126' title='bbox 1140 2189 1238 2229; x_wconf 87' lang='lat' dir='ltr'><strong>doc·</strong></span> <span class='ocrx_word' id='word_1_127' title='bbox 1302 2233 1305 2237; x_wconf 17' lang='grc' dir='ltr'><strong><em>Δ</em></strong></span> 
     </span>
     <span class='ocr_line' id='line_1_23' title="bbox 1170 2281 1239 2310; baseline 0 0"><span class='ocrx_word' id='word_1_128' title='bbox 1170 2281 1239 2310; x_wconf 75' lang='lat' dir='ltr'>trt-</span> 
     </span>
    </p>
   </div>
  </div>
 </body>
</html>
