1513 2734
698 155 923 211 (20)

234 305 411 346 refistere
465 299 550 343 alii
599 299 848 349 materiei‚'
892 296 934 337 id
972 294 1181 337 definitum
1225 297 1374 349 ponit,

230 386 347 439 quod
380 395 463 425 erat
493 381 776 423 definiendum.
819 379 981 422 Deinde
1008 380 1241 433 quaeritur,
1273 378 1378 433 quid

226 467 284 523 fit
309 466 406 508 vis?
455 466 548 506 Vim
580 466 719 505 dicunt
747 463 833 505 esse
861 462 1016 516 causam
1042 473 1181 502 -motus
1221 463 1376 502 excita-

233 551 294 599 ti,
325 541 433 590 au‘cti
465 559 506 589 et
545 548 745 588 diminuti.
835 545 932 587 Sola
971 547 1094 601 igitur
1136 543 1378 586 describitur

231 634 356 674 actio.
418 631 525 672 Tum
554 632 645 684 quis
671 630 772 672 alius
799 640 860 670 est
887 639 1022 670 motus
1051 630 1092 668 in
1120 627 1273 680 spatio,
1304 627 1376 668 nifi

234 716 441 764 materiei,
483 714 766 768 quam·etiam
809 711 1007 753 definiunt
1050 710 1234 759 esse.id‚
1263 707 1377 762 quod

230 797 386 840 mobile
429 799 473 839 fit
504 799 544 837 in
573 796 731 851 spatio,
775 807 843 836 aut
882 795 958 836 alia
995 794 1258 842 definitione,
1290 792 1376 832 esse

223 880 267 921 id
293 878 476 930 mobile,
509 892 586 934 qua
615 881 687 933 ipfi
716 878 805 918 infit
832 879 892 919 vis
921 889 1088 918 movens
1106 873 1202 930 (a).
1261 874 1375 929 Qua·

227 974 399 1018 propter
439 974 571 1015 neque
613 942 857 1002 definiuntur
894 961 1001 1000 vires
1031 959 1260 1010 physicae,
1302 957 1373 999 niss

228 1045 441 1099 adjuvante
468 1044 660 1092 materia,
690 1054 823 1096 neque
854 1043 1018 1082 materia
1043 1042 1114 1081 nifi
1150 1039 1374 1094 adjuvanti·

229 1128 304 1170 bus
335 1128 514 1175 viribus,
546 1138 632 1179 quo
662 1136 804 1165 mutuo
837 1123 990 1165 auxilio
1019 1125 1163 1164 mirum
1205 1121 1372 1176 profec-

229 1221 273 1254 to
315 1211 486 1251 efficitur
528 1195 775 1249 definitionis
806 1219 946 1262 genus.
985 1205 1199 1258 Denique
1241 1206 1267 1246 fi
1308 1206 1373 1246 re‘-

195 1292 470 1352 spondetur:
517 1292 681 1332 materia
721 1301 782 1330 est
822 1289 884 1339 id,
939 1288 1051 1343 quod
1091 1300 1142 1331 ex
1185 1288 1368 1341 partibus

227 1375 409 1429 constat,
453 1374 597 1416 eodem
639 1372 915 1422 revolvimur,
960 1383 1080 1425 atque
1109 1371 1367 1424 quaerimus,

228 1471 422 1512 quaenam
454 1459 498 1498 fit
523 1468 662 1498 natura
690 1457 879 1508 partium.
911 1454 953 1494 Si
970 1465 1103 1507 partes
1134 1452 1222 1495 sunt
1246 1453 1368 1494 etiam

231 1542 396 1583 materia
414 1537 491 1592 (h)
509 1570 521 1588 ‚
544 1540 767 1580 acutissima
785 1538 874 1578 sane
889 1538 1017 1578 oritur
1033 1535 1242 1576 definitio:
1275 1547 1367 1577 ma-

225 1624 342 1665 teria
373 1633 461 1669 est,
495 1635 603 1677 quae
632 1635 686 1662 ex
716 1620 906 1661 materia
928 1617 1154 1673 -compofita
1183 1628 1257 1659 est.
1319 1617 1365 1659 Si

225 1716 307 1749 n'on
329 1705 415 1745 sunt
447 1686 636 1752 materia}
670 1704 753 1757 ipsa
781 1702 964 1744 definitio
987 1703 1113 1743 inanis
1128 1713 1210 1751 est,
1242 1713 1365 1753 cum,

227 1789 366 1844 quales
394 1789 657 1839 {imp-artes,
690 1798 770 1825 non
799 1768 1038 1826 innotescat.
1081 1820 1084 1824 .

283 1872 341 1912 At
367 1883 464 1911 vero
489 1869 710 1913 liberaliter
737 1881 899 1922 agamus
925 1880 1016 1909 cum
1057 1867 1257 1919 physico,
1305 1875 1366 1906 at-

225 1967 304 2008 que
335 1955 458 1994 misfis
489 1952 671 1993 molestis
702 1952 763 1991 his
792 1950 1123 1998 definitionibus,
1169 1949 1208 1989 id
1235 1947 1366 1989 solum

225 2050 303 2080 nos
333 2037 500 2085 doceat,
532 2047 665 2079 utrum
693 2034 874 2078 materiei
902 2044 1037 2087 partes
1065 2033 1138 2075 fint
1165 2030 1365 2089 infinitae

1315 2125 1365 2155 an

262 2188 336 2256 ἈὈι)
362 2212 390 2245 K
406 2221 456 2243 an
473 2219 497 2244 t.
521 2211 543 2244 l.
569 2219 601 2244 e.
625 2220 659 2252 p.
687 2208 763 2244 106.

271 2280 332 2328 (b)
359 2275 496 2315 Kaii't.
517 2280 527 2313 1
566 2289 598 2314 c.
620 2289 654 2335 p.
677 2288 733 2322 43.
