1513 2734
674 119 874 180 ’(8)

202 290 246 321 θ.
266 263 477 321 ῐρεξυηᾶειζ
493 267 631 307 m'atfe.
676 265 779 306 Sunt
804 265 1115 320 aut'g'ravisfimo
1140 258 1351 329 tacituiinh

208 376 240 403 9,
271 351 361 390 tatis
378 350 534 403 judicio
551 347 763 402 oppressa,
795 359 862 388 aut
878 349 916 388 vi
931 347 1149 402 prostrata,
1181 359 1247 389 aut
1264 335 1346 402 jain

208 460 240 486 9,
269 433 319 473 ad
342 434 494 472 ruinam
534 441 733 486 vergunt,
765 443 885 484 atque
921 432 974 471 ita
1005 433 1185 472 omnium
1214 441 1345 471 rerum

208 542 240 568 2,
272 515 531 556 humanarum
562 514 819 568 fragilitatem
850 513 1096 554 declarant.''

268 596 383 638 Haec
418 596 588 657 'querella
630 609 722 637 cum
751 597 930 637 universe
964 596 1012 636 de
1054 595 1346 648 Philosophia,

210 690 298 720 tum
342 682 383 719 in
425 681 564 733 primis
599 679 648 720 de
669 679 739 720 illa
764 690 876 732 parte
913 680 1114 733 jactatur,
1159 690 1260 732 quae
1299 677 1349 718 de

213 763 365 804 anima
399 763 495 817 agit.
585 761 659 803 Illa
693 763 800 802 enim
840 763 1066 816 comparari
1110 760 1211 801 solet
1254 772 1350 801 cum

211 844 385 896 Phyfica
412 855 662 898 corporum,
694 858 772 898 qua
806 845 986 898 perfecta
1016 844 1349 896 comparatione,

213 929 347 981 gravis
373 928 471 969 haec
502 928 785 981 pronuntiatur
811 928 1018 968 sententia.
1078 926 1245 978 Physica
1264 925 1353 979 dig-

214 1022 266 1050 na
295 1022 382 1058 est,
428 1022 530 1062 quae
574 1012 613 1049 in
641 1021 810 1049 numero
839 1009 1070 1050 collocetur
1098 1007 1352 1048 scientiarum

215 1103 523 1142 accuratarum3
568 1091 873 1145 Psychologia,
918 1103 1020 1143 quae
1049 1091 1098 1131 ad
1136 1090 1353 1131 obscurum

217 1185 260 1215 et
314 1175 514 1213 incertum
559 1172 876 1225 philosophandi
930 1184 1056 1226 genus
1108 1173 1354 1213 detrudatur.

219 1254 401 1297 Fuerunt
427 1255 575 1304 etiam,
607 1256 745 1308 iique,
777 1256 804 1295 fi
833 1254 928 1295 Diis
961 1254 1124 1308 placet,
1171 1254 1355 1307 philoso-

219 1338 320 1393 phi,
365 1338 514 1391 quibus
542 1336 841 1392 Psychologica
866 1338 968 1377 ratio
999 1336 1136 1378 multis
1172 1338 1354 1390 partibus

219 1422 278 1462 ita
307 1422 462 1469 inanis,
500 1432 619 1473 atque
650 1422 802 1461 incerta
841 1421 1069 1469 videretur,
1112 1431 1156 1460 ut
1186 1419 1354 1463 ¹nullum

194 1505 391 1546 'omnino
419 1505 594 1544 animum
626 1504 710 1543 esse
750 1504 959 1552 dicerent,
998 1515 1099 1557 quae
1133 1502 1354 1556 profecto,

221 1585 273 1627 ad
313 1598 454 1627 omnes
490 1570 744 1627 difficultates
787 1584 1013 1634 tolien-das,
1057 1587 1120 1625 via
1153 1597 1212 1625 est
1241 1598 1355 1626 com-

222 1667 480 1720 modissima,
523 1682 615 1710 cum
655 1681 776 1709 nemo
810 1668 1021 1723 postulet,
1066 1679 1110 1709 ut
1145 1667 1193 1708 de
1220 1666 1355 1709 nihilo

222 1752 446 1793 instituatur
475 1751 714 1806 disquisitio.

279 1834 417 1875 Misfis
436 1835 518 1889 jam
549 1836 588 1875 in
621 1834 841 1887 praesentia
861 1833 1036 1889 querelis
1070 1835 1120 1876 de
1149 1833 1356 1875 universae

224 1917 509 1972 philosophiae
545 1918 818 1966 obscuritate,
865 1929 957 1958 cum
997 1919 1045 1957 iis
1087 1917 1180 1958 solis
1207 1916 1356 1971 paulis-

222 2013 296 2055 per
336 2013 528 2055 agamus,
574 2001 670 2054 qui‚
715 1999 890 2041 instituta
933 2001 1264 2053 comparatione,
1302 2000 1357 2055 ita

222 2082 421 2124 benevole
445 2084 493 2124 de
523 2082 718 2135 Physica,
750 2085 805 2124 ita
846 2081 978 2123 severe
1007 2082 1055 2122 de
1082 2081 1358 2135 Psychologia

215 2166 414 2220 judicent.
473 2166 584 2208 Mihi
606 2166 769 2220 quidem
811 2165 977 2220 probari
1011 2165 1131 2220 posse
1170 2165 1386 2213 videtui-s

1250 2247 1355 2288 haud

1505 617 1513 685 ‚am
