1513 2734
233 1591 397 1634 Exempla

198 1645 243 1672 ex
279 1646 373 1670 cete-

197 1682 242 1716 ris
262 1681 396 1717 Codici-

196 1726 259 1760 bus
275 1728 376 1762 Galli-

196 1772 259 1807 cis.

746 179 793 239 ’(
856 179 938 237 196
992 175 1020 237 )

404 323 540 369 citur,
570 328 716 374 gerunt
741 329 823 361 etc.
840 348 853 366 ‚
884 329 1004 371 atque
1030 319 1134 362 inter
1158 332 1258 372 eos,
1289 333 1396 377 quo-

405 402 494 433 rum
541 400 603 430 res
646 388 844 445 litigiosae
886 388 1016 430 factae
1046 389 1133 432 sunt
1159 404 1295 434 coram
1326 405 1398 433 eo-

398 471 491 503 rum
533 459 748 508 tribunali,
793 458 917 501 modo
963 460 1184 501 conventio
1219 462 1399 504 versetur

401 532 511 573 circa
539 530 695 572 easdem
721 531 792 572 has
816 541 879 571 res
903 528 1113 583 litigiosas·
1172 528 1297 573 Ratio
1322 533 1398 573 hu-

399 602 465 657 jus
502 601 605 657 legis
647 601 924 654 disposstionis
953 601 1085 642 rursus
1113 600 1189 642 alia
1217 601 1300 643 esse
1329 613 1400 642 ne-

401 673 492 726 quit
520 681 650 725 quam·
669 671 912 724 praesumtio
936 669 1086 711 fraudis
1111 684 1134 711 a
1163 682 1277 724 parte
1303 683 1401 711 ven—

403 741 546 784 ditoris
576 734 841 789 commissae,
872 751 997 794 quum
1040 739 1221 792 inprimis
1245 740 1286 780 in
1312 751 1401 780 om-

401 801 558 860 nibus‚'
582 824 682 865 quas
711 811 1036 857 enuntiavimus,
1069 810 1194 851 caufis
1222 808 1399 864 saepissi-

368 874 371 875 ⁷
403 894 470 923 me
512 881 664 924 fraudis
719 880 1032 923 committendae
1067 879 1226 920 occafio
1269 879 1401 920 detur.

405 950 492 994 Etsi
519 954 643 1008 igitur
672 952 765 1009 luce
796 951 942 994 clarius
979 947 1203 997 constaret,
1246 947 1400 990 nullam

404 1021 585 1064 fraudem
612 1034 695 1062 non
719 1032 869 1063 tanturn
897 1020 981 1062 esse
1007 1018 1289 1069 commissam,
1334 1015 1402 1058 sed

404 1089 470 1133 ne'
507 1090 709 1132 committi
765 1090 928 1145 quidem
971 1089 1181 1143 potuisse,
1246 1101 1288 1129 v.
1339 1100 1401 1143 gr.

380 1163 448 1207 rin
486 1161 743 1203 auctionibus
793 1158 972 1213 publicis
1010 1157 1121 1215 (ι),
1165 1169 1400 1201 contractus

407 1243 538 1273 tam-'en
564 1231 699 1272 nullus
727 1242 812 1270 est:
856 1243 946 1272 nam
985 1229 1260 1284 praesumtio,
1291 1226 1402 1269 frau-

405 1302 496 1344 dem
524 1300 608 1342 esse
636 1299 917 1350 commissam,
948 1311 1009 1341 est
1029 1297 1273 1354 praesumtio
1298 1297 1401 1352 juris

405 1384 447 1414 et
472 1372 520 1413 de
544 1373 635 1427 jure
663 1370 760 1425 (α).
818 1370 1046 1426 Quomodo
1081 1380 1213 1410 autem
1249 1366 1399 1410 intelli·
1427 1353 1434 1361 ’

406 1444 536 1499 genda
565 1443 640 1482 (int
660 1443 788 1483 verba·
808 1443 969 1484 actions
997 1433 1249 1495 litigieux,'
1275 1437 1403 1480 doce-

407 1526 496 1554 mur
524 1524 572 1552 ex
599 1511 890 1563 interpretibus
917 1511 942 1564 ζ
947 1510 1013 1565 3).

467 1579 924 1629 Observandum’vero,
961 1591 1043 1620 non
1071 1588 1224 1620 tantum
1251 1578 1292 1616 in
1327 1575 1402 1618 Co-

410 1653 499 1694 dice
530 1650 862 1705 Napoleontim,
894 1648 961 1690 sed
990 1650 1108 1689 etiam
1139 1648 1179 1687 in
1209 1645 1400 1700 reliquis,

410 1724 558 1778 quibus
587 1721 818 1763 continetur
847 1717 1050 1773 legislatio
1076 1716 1266 1768 Gallica,
1310 1715 1400 1758 Co»-

1341 1787 1403 1829 di-

454 1893 519 1940 (1)
542 1895 618 1929 Vid.
647 1896 669 1929 1.
694 1904 725 1928 2.
752 1892 822 1927 Cod.
844 1890 883 1924 de
904 1889 1046 1924 Emtion.
1066 1889 1188 1925 vendit.

453 1952 517 1997 (2)
542 1952 618 1986 Vid.
644 1954 665 1987 l.
693 1963 729 1994 4,
747 1949 785 1993 ff
813 1949 850 1982 de
874 1945 984 1981 Cont:·.'
1016 1949 1167 1984 emtion.,
1192 1945 1306 1988 ibique
1335 1944 1404 1979 CH.

407 2009 507 2044 Voe
527 2018 588 2042 tet
609 2007 826 2042 Pothier
849 2013 884 2038 et
908 2004 1160 2043 Froncon,
1182 2002 1404 2046 adArt.359.

406 2065 552 2107 consuet.
579 2063 762 2109 Pa¹⁴is13²ntm

455 2120 519 2166 (3)
542 2119 617 2154 Vid.
648 2120 710 2153 De
729 2117 832 2150 {vin
850 2125 1024 2156 court,
1048 2115 1125 2149 Vol.
1150 2114 1194 2148 11.
1219 2123 1291 2157 pag.
1316 2123 1396 2158 519.

411 2187 447 2212 et
472 2179 691 2212 Pa1111et
717 2183 750 2209 et
779 2174 1084 2215 Maleville‚
1119 2171 1160 2206 ad
1195 2171 1283 2207 Δια.
1317 2168 1405 2215 1596

411 2243 449 2271 et
474 2244 558 2281 1597
586 2233 659 2269 cod.
672 2232 759 2277 Napv.
