1513 2734
491 148 748 204 (213)

121 289 221 333 Cod.
257 288 407 344 Nap.‚
452 299 492 330 et
528 301 621 330 cum
663 289 704 328 in
745 286 835 340 ipso
875 283 965 328 Art.
1012 286 1118 335 1282

120 360 233 402 nulla
273 357 459 413 specialis
502 358 606 413 legis
650 357 862 411 dispositio
904 367 1119 406 occurrat,

120 431 201 485 qua
245 429 462 483 derogetur
489 427 669 484 generali
706 428 768 469 illi
795 427 958 483 regulae
972 448 993 477 ,-
1023 434 1120 481 pro-'-

121 501 287 542 batione
315 501 506 542 contrarii
538 500 629 541 tolli
657 499 1006 552 praesumtiones,
1044 509 1118 538 no-

122 571 185 612 bis
212 571 398 621 videtur,
449 572 637 612 omnibus
680 568 1022 622 interpretationis
1059 579 1122 607 re-

120 641 228 696 gulis
257 641 341 682 esse
381 640 721 688 consentaneum,
768 638 935 683 statuere
950 651 987 687 ‚2
1009 635 1124 690 quod

119 712 362 765 praesumtio
415 710 697 758 liberationiS‚
757 709 806 749 de
864 709 942 763 qua
969 707 1123 761 *agitur
1190 699 1200 704 ”

94 780 229 822 >Artt.
266 782 373 822 1282
398 791 440 821 et
474 781 581 834 1283
612 780 709 822 Cod.
736 778 886 833 Nap.,
930 779 976 819 fit
1005 789 1123 832 prae-

118 851 268 895 sumtio
294 852 394 906 juris
419 861 588 894 tantum.
1077 862 1086 871 *¹

552 992 575 1046 ς
605 991 680 1033 xl.

150 1131 219 1174 De
261 1131 308 1174 νὶ
345 1132 580 1176 tribuenda
593 1130 938 1189 praesumtioni,
984 1140 1097 1186 quae

347 1205 492 1247 oritur
519 1220 572 1248 ex
598 1218 646 1247 re
668 1202 889 1260 judicata‘.
1085 1201 1087 1204 '

175 1342 393 1394 Alterum,
452 1345 570 1398 qu'us
627 1347 876 1386 mentionem
919 1343 1123 1392 fecimus,

117 1414 352 1470 exemplum
392 1416 568 1469 positum
611 1425 673 1455 est
715 1416 756 1455 in
799 1413 1126 1469 praesumtione,

118 1497 222 1540 quae
243 1486 374 1526 oritur
403 1496 454 1525 ex
479 1496 520 1525 re
547 1483 754 1539 judicata:
786 1483 837 1524 de
871 1483 988 1538 cujus
1016 1483 1057 1522 vi
1083 1492 1127 1522 et

118 1555 362 1598 auctoritate
415 1552 485 1596 hic
529 1556 672 1608 paucis
708 1565 875 1609 quoque
911 1563 1123 1608 exponen-

119 1626 230 1669 dum.
532 1642 535 1643 ⁷
982 1638 993 1644 ’-

173 1695 286 1737 Inter
312 1706 470 1738 veteres
496 1706 624 1749 aeque
651 1708 699 1737 ac
725 1697 849 1736 inter·
868 1695 1137 1743 recentioresx
1155 1693 1210 1728 De
1233 1694 1309 1729 sen-

114 1764 222 1821 Juris
249 1764 429 1808 Romani
459 1765 705 1819 Interpretes
737 1765 895 1808 nullum
915 1765 1004 1807 ⁴fuit
1046 1763 1120 1806 du»
1133 1792 1242 1818 terum

117 1836 262 1884 bium,
309 1837 409 1890 quin
449 1835 820 1889 praesumtionibus
856 1835 959 1890 juris
1001 1845 1042 1876 et
1070 1830 1222 1876 defi⁵⁰0
1256 1831 1309 1865 ul-

116 1906 206 1961 jure
232 1905 527 1967 annumeranda
555 1905 603 1947 fit
638 1905 913 1960 praesumtio,
944 1916 1029 1946 rem
1053 1884 1256 1960 J’u-tomm‘

119 1976 292 2020 dicatam
318 1989 395 2032 pro
418 1977 585 2018 veritate
611 1975 695 2018 esse
721 1974 999 2030 accipiendam
1023 1973 1120 2029 (ι).

983 2043 1122 2101 Quae-

165 2134 229 2182 (1)
251 2136 328 2173 vid.
355 2136 409 2172 CI.
439 2137 466 2171 P
481 2136 590 2170 othi
607 2146 627 2171 e
643 2147 684 2178 r,
717 2137 755 2171 de
778 2135 889 2173 Contr.
910 2143 963 2169 no.
992 2135 1053 2178 841
1087 2142 1123 2168 et

118 2194 199 2239 849.
224 2203 258 2230 et
276 2195 306 2230 V
321 2203 342 2228 0
358 2203 376 2228 e
393 2201 406 2227 t
420 2218 432 2236 ,
455 2192 495 2228 ad
512 2194 561 2230 tit.
575 2193 620 2240 ff.
642 2195 681 2232 de
703 2193 840 2241 Except.
856 2195 912 2235 rei*
924 2191 1030 2237 judic.

1133 1738 1237 1773 tentia
1252 1749 1316 1784 ve-
1384 1756 1387 1757 ⁷
