1513 2734
716 126 937 184 (44)

186 300 194 310 s
254 268 573 311 dia‘excitentur
598 249 778 316 studiosi,
809 266 880 307 fibi
909 264 1182 320 gratulantes',
1209 263 1367 318 quode

255 353 333 394 tuis
374 351 523 393 scholis
550 349 598 391 ad
618 349 893 402 Theologicas
922 359 1089 403 pergant
1127 347 1373 401 disciplinas.

220 472 222 474 ,
254 434 368 490 Quid
398 435 562 475 historia
591 432 664 481 fit,
695 433 721 473 fi
749 431 854 472 forte
879 432 1087 480 noverim,
1119 430 1198 472 hoc
1231 431 1309 471 tuis
1335 431 1375 469 in

254 517 404 559 scholis
447 515 582 557 didici.
671 513 766 562 Tu,
799 513 967 568 Optime
998 512 1178 554 Heusdi!
1225 514 1265 552 in
1286 523 1377 552 -tra-

255 599 382 640 dende}
424 597 602 639 universti
643 597 835 639 Gentium
871 593 1076 644 Historia,
1121 595 1273 636 ardenti
1314 605 1379 634 me

257 682 438 722 imbuisti
455 680 658 721 Historiae
673 678 981 720 Ecclefiasticae
1010 677 1153 719 studio.
1214 676 1378 717 Utinam

256 764 350 806 hinc
381 766 420 804 in
450 776 577 804 meam
600 762 922 816 qualemcunque
952 759 1166 815 generosae
1193 760 1378 813 juventu-

254 848 306 886 tis
333 846 619 887 institutionem
649 844 774 898 aliqui
799 844 1063 884 redundarent
1092 842 1271 883 fructus!
1301 840 1379 882 Fe-

253 928 374 970 licem
417 929 504 969 sane
545 939 692 968 memet
730 926 1005 980 praedicabo,
1049 927 1114 966 cui
1145 926 1223 965 tuis
1259 923 1378 964 disci-

253 1010 360 1064 pulis
388 1009 594 1050 Ecclefiae
622 1008 702 1048 fata
728 1020 884 1048 narrare
914 1009 1136 1060 contingat.
1204 1005 1377 1060 Pergas‚

253 1091 329 1133 Vir
354 1090 668 1155 elegantisfime!
701 1090 832 1143 pulcri
860 1101 900 1130 et
921 1091 1076 1129 venusti
1106 1088 1233 1129 studio
1255 1101 1378 1142 quos·

252 1184 412 1226 cunque
453 1173 634 1214 imbuere
671 1173 865 1225 juvenes,
910 1170 1165 1225 Theologiae
1207 1173 1379 1212 maxime

251 1256 478 1305 studiososz,
521 1255 730 1307 mihique,
777 1267 855 1307 qua
893 1266 956 1294 me
996 1254 1187 1294 hactenus
1227 1255 1377 1294 ornasti

249 1340 293 1380 in
319 1349 527 1392 posterum
556 1339 672 1377 etiarn
704 1336 810 1377 haud
838 1335 963 1386 defit,
1003 1348 1096 1377 cum
1132 1335 1376 1377 benevolen-

251 1423 306 1464 tia
334 1432 427 1472 tua‚
460 1432 543 1462 tum
570 1420 757 1461 amicitia.

308 1588 391 1629 Sed
415 1600 456 1628 et
486 1587 582 1628 Tibi
606 1585 821 1640 plurimum
848 1596 913 1625 me
939 1584 1084 1625 debere
1111 1583 1254 1626 lubens
1280 1597 1375 1638 pro-

251 1671 398 1720 fiteor,
431 1669 659 1711 doctisfime
688 1668 878 1709 Pareavi!
925 1668 1039 1721 cujus
1069 1668 1231 1720 insignia
1257 1669 1297 1707 in
1327 1666 1375 1707 li·

250 1765 353 1796 teras
383 1751 610 1793 Orientales
649 1752 788 1791 merita
826 1751 900 1790 rite
937 1750 986 1789 ab
1039 1749 1226 1789 omnibus
1269 1749 1375 1790 cele-

249 1836 426 1877 brantur.
487 1834 705 1875 Alumnum
731 1844 840 1874 tuum
871 1844 933 1873 me
960 1832 1196 1885 prosecutus
1230 1845 1272 1872 es
1301 1832 1375 1873 hu-

248 1921 463 1967 manitate,
493 1930 571 1972 qua
599 1915 708 1957 nulla
737 1915 877 1969 major.
939 1914 1155 1970 Collegam
1195 1927 1259 1956 me
1299 1916 1374 1957 tibi

246 2001 405 2052 offer05
438 2002 496 2042 tui
523 1982 925 2042 observantissimum.

303 2163 467 2222 Quasve
517 2164 591 2207 tibi
639 2163 804 2206 referam
817 2204 825 2209 ,,
851 2165 1024 2219 gratias,
1081 2162 1373 2220 elegantisfime

1307 2245 1369 2288 Si-
