<?xml version="1.0" encoding="UTF-8"?>
<!DOCTYPE html PUBLIC "-//W3C//DTD XHTML 1.0 Transitional//EN"
    "http://www.w3.org/TR/xhtml1/DTD/xhtml1-transitional.dtd">
<html xmlns="http://www.w3.org/1999/xhtml" xml:lang="en" lang="en">
 <head>
  <title>
</title>
<meta http-equiv="Content-Type" content="text/html;charset=utf-8" />
  <meta name='ocr-system' content='tesseract 3.04.00' />
  <meta name='ocr-capabilities' content='ocr_page ocr_carea ocr_par ocr_line ocrx_word'/>
</head>
<body>
  <div class='ocr_page' id='page_1' title='image "annalesacademiae23acad_0311.png"; bbox 0 0 1513 2734; ppageno 0'>
   <div class='ocr_carea' id='block_1_1' title="bbox 606 164 857 219">
    <p class='ocr_par' dir='ltr' id='par_1_1' title="bbox 606 164 857 219">
     <span class='ocr_line' id='line_1_1' title="bbox 606 164 857 219; baseline -0.008 0"><span class='ocrx_word' id='word_1_1' title='bbox 606 164 857 219; x_wconf 80' lang='lat'>(101)</span> 
     </span>
    </p>
   </div>
   <div class='ocr_carea' id='block_1_2' title="bbox 118 302 1303 1903">
    <p class='ocr_par' dir='ltr' id='par_1_2' title="bbox 126 302 1303 1199">
     <span class='ocr_line' id='line_1_2' title="bbox 154 302 1303 360; baseline -0.006 -12"><span class='ocrx_word' id='word_1_2' title='bbox 154 309 189 348; x_wconf 87' lang='lat' dir='ltr'><strong>ri</strong></span> <span class='ocrx_word' id='word_1_3' title='bbox 231 303 448 358; x_wconf 75' lang='lat' dir='ltr'><strong>aequalia3</strong></span> <span class='ocrx_word' id='word_1_4' title='bbox 498 316 598 360; x_wconf 84' lang='lat' dir='ltr'><strong>ergo</strong></span> <span class='ocrx_word' id='word_1_5' title='bbox 643 304 817 358; x_wconf 87' lang='lat' dir='ltr'><strong>ipsarum</strong></span> <span class='ocrx_word' id='word_1_6' title='bbox 864 304 1011 345; x_wconf 89' lang='lat' dir='ltr'><strong>virium</strong></span> <span class='ocrx_word' id='word_1_7' title='bbox 1050 302 1303 344; x_wconf 18' lang='lat' dir='ltr'><strong>directiones*</strong></span> 
     </span>
     <span class='ocr_line' id='line_1_3' title="bbox 136 368 1294 424; baseline -0.003 -7"><span class='ocrx_word' id='word_1_8' title='bbox 136 375 392 424; x_wconf 76' lang='lat' dir='ltr'><strong>vcoincidunt</strong></span> <span class='ocrx_word' id='word_1_9' title='bbox 419 387 513 416; x_wconf 89' lang='lat' dir='ltr'><strong>cum</strong></span> <span class='ocrx_word' id='word_1_10' title='bbox 541 375 685 416; x_wconf 82' lang='lat' dir='ltr'>axibus</span> <span class='ocrx_word' id='word_1_11' title='bbox 709 372 832 424; x_wconf 88' lang='grc' dir='ltr'><strong>ΟΧ,</strong></span> <span class='ocrx_word' id='word_1_12' title='bbox 863 369 957 413; x_wconf 89' lang='lat' dir='ltr'><strong>OY</strong></span> <span class='ocrx_word' id='word_1_13' title='bbox 986 383 1027 413; x_wconf 86' lang='lat' dir='ltr'><strong>et</strong></span> <span class='ocrx_word' id='word_1_14' title='bbox 1057 368 1173 422; x_wconf 85' lang='lat' dir='ltr'><strong>OZ,</strong></span> <span class='ocrx_word' id='word_1_15' title='bbox 1207 384 1294 414; x_wconf 88' lang='lat' dir='ltr'><strong>om-</strong></span> 
     </span>
     <span class='ocr_line' id='line_1_4' title="bbox 151 441 1298 498; baseline -0.002 -13"><span class='ocrx_word' id='word_1_16' title='bbox 151 449 304 498; x_wconf 80' lang='lat' dir='ltr'><strong>nesque</strong></span> <span class='ocrx_word' id='word_1_17' title='bbox 347 443 572 498; x_wconf 81' lang='lat' dir='ltr'>applicatae</span> <span class='ocrx_word' id='word_1_18' title='bbox 614 447 702 487; x_wconf 91' lang='lat' dir='ltr'><strong>sunt</strong></span> <span class='ocrx_word' id='word_1_19' title='bbox 739 446 789 486; x_wconf 83' lang='lat' dir='ltr'><strong>ad</strong></span> <span class='ocrx_word' id='word_1_20' title='bbox 831 455 1028 498; x_wconf 88' lang='lat' dir='ltr'><strong>punctum</strong></span> <span class='ocrx_word' id='word_1_21' title='bbox 1073 442 1140 492; x_wconf 86' lang='lat' dir='ltr'><strong>O,</strong></span> <span class='ocrx_word' id='word_1_22' title='bbox 1184 441 1298 497; x_wconf 86' lang='lat' dir='ltr'><strong>quod</strong></span> 
     </span>
     <span class='ocr_line' id='line_1_5' title="bbox 152 510 1295 568; baseline -0.006 -12"><span class='ocrx_word' id='word_1_23' title='bbox 152 525 357 568; x_wconf 81' lang='lat' dir='ltr'>tamquam</span> <span class='ocrx_word' id='word_1_24' title='bbox 411 526 594 555; x_wconf 88' lang='lat' dir='ltr'><strong>centrum</strong></span> <span class='ocrx_word' id='word_1_25' title='bbox 648 516 838 568; x_wconf 90' lang='lat' dir='ltr'><strong>corporis</strong></span> <span class='ocrx_word' id='word_1_26' title='bbox 895 514 1078 556; x_wconf 81' lang='lat' dir='ltr'><strong>habetur.</strong></span> <span class='ocrx_word' id='word_1_27' title='bbox 1165 510 1295 551; x_wconf 85' lang='lat' dir='ltr'><strong>Adest</strong></span> 
     </span>
     <span class='ocr_line' id='line_1_6' title="bbox 152 580 1297 638; baseline -0.004 -13"><span class='ocrx_word' id='word_1_28' title='bbox 152 594 238 625; x_wconf 88' lang='lat' dir='ltr'><strong>tum</strong></span> <span class='ocrx_word' id='word_1_29' title='bbox 265 585 528 625; x_wconf 87' lang='lat' dir='ltr'><strong>determinata</strong></span> <span class='ocrx_word' id='word_1_30' title='bbox 555 586 616 625; x_wconf 87' lang='lat' dir='ltr'><strong>vis</strong></span> <span class='ocrx_word' id='word_1_31' title='bbox 659 585 917 638; x_wconf 84' lang='lat' dir='ltr'><strong>compofita‚</strong></span> <span class='ocrx_word' id='word_1_32' title='bbox 957 595 998 624; x_wconf 88' lang='lat' dir='ltr'><strong>et</strong></span> <span class='ocrx_word' id='word_1_33' title='bbox 1035 581 1126 623; x_wconf 88' lang='lat' dir='ltr'><strong>inde</strong></span> <span class='ocrx_word' id='word_1_34' title='bbox 1163 580 1297 634; x_wconf 89' lang='lat' dir='ltr'><strong>sequi-</strong></span> 
     </span>
     <span class='ocr_line' id='line_1_7' title="bbox 152 649 1299 708; baseline -0.002 -14"><span class='ocrx_word' id='word_1_35' title='bbox 152 664 245 694; x_wconf 89' lang='lat' dir='ltr'><strong>tur:</strong></span> <span class='ocrx_word' id='word_1_36' title='bbox 289 662 438 708; x_wconf 82' lang='lat' dir='ltr'><strong>corpus</strong></span> <span class='ocrx_word' id='word_1_37' title='bbox 475 655 659 696; x_wconf 77' lang='lat' dir='ltr'><em>liberum</em></span> <span class='ocrx_word' id='word_1_38' title='bbox 689 656 848 696; x_wconf 66' lang='lat' dir='ltr'><strong>moveri</strong></span> <span class='ocrx_word' id='word_1_39' title='bbox 881 654 927 695; x_wconf 81' lang='lat' dir='ltr'><strong>in</strong></span> <span class='ocrx_word' id='word_1_40' title='bbox 965 653 1207 702; x_wconf 80' lang='lat' dir='ltr'><em>directum,</em></span> <span class='ocrx_word' id='word_1_41' title='bbox 1242 649 1299 705; x_wconf 67' lang='grc' dir='ltr'><strong>[ἰ-7</strong></span> 
     </span>
     <span class='ocr_line' id='line_1_8' title="bbox 150 719 1299 779; baseline -0.002 -15"><span class='ocrx_word' id='word_1_42' title='bbox 150 736 203 765; x_wconf 81' lang='lat' dir='ltr'><strong>ne</strong></span> <span class='ocrx_word' id='word_1_43' title='bbox 237 725 481 775; x_wconf 77' lang='lat' dir='ltr'><strong>rotatione,</strong></span> <span class='ocrx_word' id='word_1_44' title='bbox 532 724 572 779; x_wconf 81' lang='lat' dir='ltr'><em>fi</em></span> <span class='ocrx_word' id='word_1_45' title='bbox 618 725 732 766; x_wconf 74' lang='lat' dir='ltr'><strong>vires</strong></span> <span class='ocrx_word' id='word_1_46' title='bbox 771 719 945 779; x_wconf 74' lang='lat' dir='ltr'><strong>agentes</strong></span> <span class='ocrx_word' id='word_1_47' title='bbox 997 721 1158 764; x_wconf 72' lang='lat' dir='ltr'><em>hahent</em></span> <span class='ocrx_word' id='word_1_48' title='bbox 1209 720 1299 762; x_wconf 73' lang='lat' dir='ltr'><strong>vim</strong></span> 
     </span>
     <span class='ocr_line' id='line_1_9' title="bbox 150 793 1299 848; baseline -0.004 -13"><span class='ocrx_word' id='word_1_49' title='bbox 150 793 444 848; x_wconf 74' lang='lat' dir='ltr'><em>compositam,</em></span> <span class='ocrx_word' id='word_1_50' title='bbox 475 804 770 837; x_wconf 82' lang='lat' dir='ltr'><em>transeuntem</em></span> <span class='ocrx_word' id='word_1_51' title='bbox 792 802 876 848; x_wconf 81' lang='lat' dir='ltr'><strong>per</strong></span> <span class='ocrx_word' id='word_1_52' title='bbox 916 804 1112 847; x_wconf 82' lang='lat' dir='ltr'><em>centrum</em></span> <span class='ocrx_word' id='word_1_53' title='bbox 1157 799 1299 844; x_wconf 82' lang='lat' dir='ltr'><strong>corpo-</strong></span> 
     </span>
     <span class='ocr_line' id='line_1_10' title="bbox 149 859 1297 919; baseline -0.004 -15"><span class='ocrx_word' id='word_1_54' title='bbox 149 863 244 913; x_wconf 64' lang='lat' dir='ltr'><strong>ris,</strong></span> <span class='ocrx_word' id='word_1_55' title='bbox 274 865 394 906; x_wconf 81' lang='lat' dir='ltr'><strong>circa</strong></span> <span class='ocrx_word' id='word_1_56' title='bbox 435 864 546 918; x_wconf 79' lang='lat' dir='ltr'><strong>quod</strong></span> <span class='ocrx_word' id='word_1_57' title='bbox 569 865 614 906; x_wconf 83' lang='lat' dir='ltr'><strong>in</strong></span> <span class='ocrx_word' id='word_1_58' title='bbox 643 864 729 912; x_wconf 76' lang='lat' dir='ltr'><strong>alio</strong></span> <span class='ocrx_word' id='word_1_59' title='bbox 760 861 861 919; x_wconf 81' lang='lat' dir='ltr'><em>casu</em></span> <span class='ocrx_word' id='word_1_60' title='bbox 896 871 1138 906; x_wconf 82' lang='lat' dir='ltr'><em>rotaretur.</em></span> <span class='ocrx_word' id='word_1_61' title='bbox 1197 859 1297 900; x_wconf 86' lang='lat' dir='ltr'><strong>Per-</strong></span> 
     </span>
     <span class='ocr_line' id='line_1_11' title="bbox 150 932 1296 990; baseline -0.003 -16"><span class='ocrx_word' id='word_1_62' title='bbox 150 933 335 987; x_wconf 88' lang='lat' dir='ltr'><strong>spicuum</strong></span> <span class='ocrx_word' id='word_1_63' title='bbox 351 945 486 974; x_wconf 84' lang='lat' dir='ltr'><strong>autem</strong></span> <span class='ocrx_word' id='word_1_64' title='bbox 515 945 599 984; x_wconf 83' lang='lat' dir='ltr'><strong>est,</strong></span> <span class='ocrx_word' id='word_1_65' title='bbox 629 936 775 976; x_wconf 88' lang='lat' dir='ltr'><strong>virium</strong></span> <span class='ocrx_word' id='word_1_66' title='bbox 792 935 997 990; x_wconf 84' lang='lat' dir='ltr'><strong>agentium</strong></span> <span class='ocrx_word' id='word_1_67' title='bbox 1018 932 1266 973; x_wconf 87' lang='lat' dir='ltr'><strong>directiones</strong></span> <span class='ocrx_word' id='word_1_68' title='bbox 1281 960 1296 980; x_wconf 87' lang='lat'>‚</span> 
     </span>
     <span class='ocr_line' id='line_1_12' title="bbox 126 998 1302 1058; baseline -0.003 -14"><span class='ocrx_word' id='word_1_69' title='bbox 126 1001 237 1044; x_wconf 50' lang='lat' dir='ltr'><strong>*tum</strong></span> <span class='ocrx_word' id='word_1_70' title='bbox 266 1006 388 1045; x_wconf 84' lang='lat' dir='ltr'><strong>etiam</strong></span> <span class='ocrx_word' id='word_1_71' title='bbox 418 1005 459 1044; x_wconf 92' lang='lat' dir='ltr'><strong>in</strong></span> <span class='ocrx_word' id='word_1_72' title='bbox 487 1005 595 1046; x_wconf 89' lang='lat' dir='ltr'><strong>idem</strong></span> <span class='ocrx_word' id='word_1_73' title='bbox 630 1016 831 1058; x_wconf 87' lang='lat' dir='ltr'><strong>punctum</strong></span> <span class='ocrx_word' id='word_1_74' title='bbox 863 1013 1139 1051; x_wconf 84' lang='lat' dir='ltr'><strong>concurrere,</strong></span> <span class='ocrx_word' id='word_1_75' title='bbox 1187 998 1302 1054; x_wconf 91' lang='lat' dir='ltr'><strong>quocl</strong></span> 
     </span>
     <span class='ocr_line' id='line_1_13' title="bbox 150 1070 1300 1128; baseline -0.003 -14"><span class='ocrx_word' id='word_1_76' title='bbox 150 1075 307 1123; x_wconf 81' lang='lat' dir='ltr'><strong>exiis,</strong></span> <span class='ocrx_word' id='word_1_77' title='bbox 355 1070 457 1128; x_wconf 61' lang='lat' dir='ltr'><strong>c‘luae</strong></span> <span class='ocrx_word' id='word_1_78' title='bbox 497 1074 614 1128; x_wconf 88' lang='lat' dir='ltr'><strong>supra</strong></span> <span class='ocrx_word' id='word_1_79' title='bbox 653 1074 743 1116; x_wconf 90' lang='lat' dir='ltr'><strong>Art.</strong></span> <span class='ocrx_word' id='word_1_80' title='bbox 781 1087 796 1115; x_wconf 92' lang='lat'>1</span> <span class='ocrx_word' id='word_1_81' title='bbox 842 1085 883 1115; x_wconf 91' lang='lat' dir='ltr'><strong>et</strong></span> <span class='ocrx_word' id='word_1_82' title='bbox 914 1087 954 1114; x_wconf 71' lang='grc' dir='ltr'><strong>ο..</strong></span> <span class='ocrx_word' id='word_1_83' title='bbox 983 1072 1158 1127; x_wconf 82' lang='lat' dir='ltr'><strong>probata</strong></span> <span class='ocrx_word' id='word_1_84' title='bbox 1184 1070 1300 1122; x_wconf 84' lang='lat' dir='ltr'><strong>sunt,</strong></span> 
     </span>
     <span class='ocr_line' id='line_1_14' title="bbox 153 1133 528 1199; baseline 0 -13"><span class='ocrx_word' id='word_1_85' title='bbox 153 1133 333 1186; x_wconf 42' lang='lat' dir='ltr'><strong>omnino*</strong></span> <span class='ocrx_word' id='word_1_86' title='bbox 348 1157 528 1199; x_wconf 86' lang='lat' dir='ltr'><strong>apparet.</strong></span> 
     </span>
    </p>

    <p class='ocr_par' dir='ltr' id='par_1_3' title="bbox 139 1211 1303 1620">
     <span class='ocr_line' id='line_1_15' title="bbox 209 1211 1300 1268; baseline -0.004 -13"><span class='ocrx_word' id='word_1_87' title='bbox 209 1214 323 1256; x_wconf 85' lang='lat' dir='ltr'>XVI.</span> <span class='ocrx_word' id='word_1_88' title='bbox 356 1213 452 1256; x_wconf 89' lang='lat' dir='ltr'><strong>Hoc</strong></span> <span class='ocrx_word' id='word_1_89' title='bbox 483 1214 609 1256; x_wconf 84' lang='lat' dir='ltr'><strong>modo</strong></span> <span class='ocrx_word' id='word_1_90' title='bbox 640 1227 662 1255; x_wconf 88' lang='lat' dir='ltr'>a</span> <span class='ocrx_word' id='word_1_91' title='bbox 688 1215 818 1268; x_wconf 86' lang='lat' dir='ltr'>priori</span> <span class='ocrx_word' id='word_1_92' title='bbox 842 1211 1025 1267; x_wconf 75' lang='lat' dir='ltr'><strong>Judicare</strong></span> <span class='ocrx_word' id='word_1_93' title='bbox 1054 1212 1300 1266; x_wconf 78' lang='lat' dir='ltr'><strong>possumus,</strong></span> 
     </span>
     <span class='ocr_line' id='line_1_16' title="bbox 139 1281 1303 1327; baseline -0.005 0"><span class='ocrx_word' id='word_1_94' title='bbox 139 1281 285 1327; x_wconf 44' lang='lat' dir='ltr'><strong>‘utrum</strong></span> <span class='ocrx_word' id='word_1_95' title='bbox 323 1285 471 1326; x_wconf 88' lang='lat' dir='ltr'><strong>virium</strong></span> <span class='ocrx_word' id='word_1_96' title='bbox 521 1283 773 1325; x_wconf 86' lang='lat' dir='ltr'><strong>directiones</strong></span> <span class='ocrx_word' id='word_1_97' title='bbox 816 1293 1063 1326; x_wconf 83' lang='lat' dir='ltr'><strong>concurrant</strong></span> <span class='ocrx_word' id='word_1_98' title='bbox 1104 1283 1147 1322; x_wconf 91' lang='lat' dir='ltr'><strong>in</strong></span> <span class='ocrx_word' id='word_1_99' title='bbox 1207 1293 1303 1322; x_wconf 88' lang='lat' dir='ltr'><strong>cen-</strong></span> 
     </span>
     <span class='ocr_line' id='line_1_17' title="bbox 153 1353 1302 1408; baseline -0.004 -12"><span class='ocrx_word' id='word_1_100' title='bbox 153 1366 219 1396; x_wconf 90' lang='lat' dir='ltr'><strong>tro</strong></span> <span class='ocrx_word' id='word_1_101' title='bbox 260 1356 451 1408; x_wconf 88' lang='lat' dir='ltr'><strong>corporis</strong></span> <span class='ocrx_word' id='word_1_102' title='bbox 478 1366 555 1395; x_wconf 90' lang='lat' dir='ltr'><strong>nec</strong></span> <span class='ocrx_word' id='word_1_103' title='bbox 584 1367 649 1395; x_wconf 90' lang='lat' dir='ltr'><strong>ne.</strong></span> <span class='ocrx_word' id='word_1_104' title='bbox 725 1353 836 1396; x_wconf 86' lang='lat' dir='ltr'><strong>Fieri</strong></span> <span class='ocrx_word' id='word_1_105' title='bbox 867 1364 1001 1396; x_wconf 84' lang='lat' dir='ltr'><strong>autem</strong></span> <span class='ocrx_word' id='word_1_106' title='bbox 1041 1362 1208 1406; x_wconf 81' lang='lat' dir='ltr'><strong>potest,</strong></span> <span class='ocrx_word' id='word_1_107' title='bbox 1255 1361 1302 1392; x_wconf 89' lang='lat' dir='ltr'><strong>ut</strong></span> 
     </span>
     <span class='ocr_line' id='line_1_18' title="bbox 150 1408 1297 1478; baseline -0.004 -11"><span class='ocrx_word' id='word_1_108' title='bbox 150 1436 398 1467; x_wconf 86' lang='lat' dir='ltr'><strong>concurrant</strong></span> <span class='ocrx_word' id='word_1_109' title='bbox 419 1425 585 1478; x_wconf 89' lang='lat' dir='ltr'><strong>quidem</strong></span> <span class='ocrx_word' id='word_1_110' title='bbox 600 1414 622 1475; x_wconf 31' lang='lat'><strong>,&#39;</strong></span> <span class='ocrx_word' id='word_1_111' title='bbox 643 1437 728 1465; x_wconf 88' lang='lat' dir='ltr'><strong>non</strong></span> <span class='ocrx_word' id='word_1_112' title='bbox 753 1436 889 1467; x_wconf 84' lang='lat' dir='ltr'><strong>autem</strong></span> <span class='ocrx_word' id='word_1_113' title='bbox 909 1425 967 1464; x_wconf 90' lang='lat' dir='ltr'><strong>-in</strong></span> <span class='ocrx_word' id='word_1_114' title='bbox 1005 1408 1192 1464; x_wconf 74' lang='lat' dir='ltr'><strong>centrum</strong></span> <span class='ocrx_word' id='word_1_115' title='bbox 1205 1433 1297 1469; x_wconf 89' lang='lat' dir='ltr'><strong>cor-</strong></span> 
     </span>
     <span class='ocr_line' id='line_1_19' title="bbox 149 1493 1299 1550; baseline -0.003 -15"><span class='ocrx_word' id='word_1_116' title='bbox 149 1496 290 1550; x_wconf 86' lang='lat' dir='ltr'><strong>poris:</strong></span> <span class='ocrx_word' id='word_1_117' title='bbox 335 1496 542 1536; x_wconf 76' lang='lat' dir='ltr'><strong>videamus</strong></span> <span class='ocrx_word' id='word_1_118' title='bbox 568 1497 720 1550; x_wconf 82' lang='lat' dir='ltr'><strong>igitur,</strong></span> <span class='ocrx_word' id='word_1_119' title='bbox 764 1507 961 1549; x_wconf 83' lang='lat' dir='ltr'><strong>quaenam</strong></span> <span class='ocrx_word' id='word_1_120' title='bbox 1001 1495 1048 1536; x_wconf 88' lang='lat' dir='ltr'><strong>fit</strong></span> <span class='ocrx_word' id='word_1_121' title='bbox 1082 1493 1202 1548; x_wconf 88' lang='lat' dir='ltr'><strong>hujus</strong></span> <span class='ocrx_word' id='word_1_122' title='bbox 1232 1504 1299 1534; x_wconf 81' lang='lat' dir='ltr'><strong>ca·</strong></span> 
     </span>
     <span class='ocr_line' id='line_1_20' title="bbox 152 1566 730 1620; baseline -0.002 -14"><span class='ocrx_word' id='word_1_123' title='bbox 152 1566 216 1608; x_wconf 89' lang='lat' dir='ltr'><strong>sus</strong></span> <span class='ocrx_word' id='word_1_124' title='bbox 244 1566 497 1620; x_wconf 81' lang='lat' dir='ltr'><strong>particularis</strong></span> <span class='ocrx_word' id='word_1_125' title='bbox 517 1567 702 1608; x_wconf 89' lang='lat' dir='ltr'><strong>conditio</strong></span> <span class='ocrx_word' id='word_1_126' title='bbox 720 1579 730 1605; x_wconf 90' lang='lat'><strong>:</strong></span> 
     </span>
    </p>

    <p class='ocr_par' dir='ltr' id='par_1_4' title="bbox 118 1634 1298 1903">
     <span class='ocr_line' id='line_1_21' title="bbox 208 1634 1295 1695; baseline -0.002 -19"><span class='ocrx_word' id='word_1_127' title='bbox 208 1636 251 1677; x_wconf 89' lang='lat' dir='ltr'><strong>Si</strong></span> <span class='ocrx_word' id='word_1_128' title='bbox 281 1638 425 1678; x_wconf 88' lang='lat' dir='ltr'><strong>virium</strong></span> <span class='ocrx_word' id='word_1_129' title='bbox 452 1637 697 1679; x_wconf 84' lang='lat' dir='ltr'><strong>directiones</strong></span> <span class='ocrx_word' id='word_1_130' title='bbox 741 1647 1017 1695; x_wconf 80' lang='lat' dir='ltr'><strong>concurrunt,</strong></span> <span class='ocrx_word' id='word_1_131' title='bbox 1052 1634 1295 1678; x_wconf 76' lang='lat' dir='ltr'><strong>coincidunt</strong></span> 
     </span>
     <span class='ocr_line' id='line_1_22' title="bbox 147 1704 1298 1763; baseline -0.004 -14"><span class='ocrx_word' id='word_1_132' title='bbox 147 1719 300 1762; x_wconf 84' lang='lat' dir='ltr'><strong>puncta</strong></span> <span class='ocrx_word' id='word_1_133' title='bbox 327 1707 395 1756; x_wconf 82' lang='lat' dir='ltr'><strong>A,</strong></span> <span class='ocrx_word' id='word_1_134' title='bbox 427 1705 486 1748; x_wconf 84' lang='lat' dir='ltr'><strong>A‘</strong></span> <span class='ocrx_word' id='word_1_135' title='bbox 518 1719 558 1748; x_wconf 88' lang='lat' dir='ltr'><strong>et</strong></span> <span class='ocrx_word' id='word_1_136' title='bbox 587 1704 690 1757; x_wconf 84' lang='lat' dir='ltr'>A&#39;&#39;,</span> <span class='ocrx_word' id='word_1_137' title='bbox 719 1706 840 1763; x_wconf 81' lang='lat' dir='ltr'><strong>(Fig.</strong></span> <span class='ocrx_word' id='word_1_138' title='bbox 875 1706 971 1763; x_wconf 79' lang='lat'>25.)</span> <span class='ocrx_word' id='word_1_139' title='bbox 999 1706 1050 1747; x_wconf 83' lang='lat' dir='ltr'><strong>ad</strong></span> <span class='ocrx_word' id='word_1_140' title='bbox 1093 1717 1195 1760; x_wconf 85' lang='lat' dir='ltr'><strong>quae</strong></span> <span class='ocrx_word' id='word_1_141' title='bbox 1225 1717 1298 1757; x_wconf 79' lang='lat' dir='ltr'><strong>ap-</strong></span> 
     </span>
     <span class='ocr_line' id='line_1_23' title="bbox 118 1773 1293 1832; baseline -0.003 -13"><span class='ocrx_word' id='word_1_142' title='bbox 118 1816 125 1829; x_wconf 64' lang='lat'>,</span> <span class='ocrx_word' id='word_1_143' title='bbox 149 1779 322 1832; x_wconf 85' lang='lat' dir='ltr'><strong>plicatae</strong></span> <span class='ocrx_word' id='word_1_144' title='bbox 362 1778 452 1820; x_wconf 86' lang='lat' dir='ltr'><strong>sunt</strong></span> <span class='ocrx_word' id='word_1_145' title='bbox 480 1778 585 1820; x_wconf 87' lang='lat' dir='ltr'><strong>vires</strong></span> <span class='ocrx_word' id='word_1_146' title='bbox 615 1780 865 1832; x_wconf 86' lang='lat' dir='ltr'><strong>compofitae</strong></span> <span class='ocrx_word' id='word_1_147' title='bbox 893 1775 963 1829; x_wconf 88' lang='lat' dir='ltr'><strong>X,</strong></span> <span class='ocrx_word' id='word_1_148' title='bbox 994 1773 1034 1816; x_wconf 91' lang='lat' dir='ltr'>Y</span> <span class='ocrx_word' id='word_1_149' title='bbox 1060 1787 1100 1817; x_wconf 87' lang='lat' dir='ltr'><strong>et</strong></span> <span class='ocrx_word' id='word_1_150' title='bbox 1126 1773 1191 1827; x_wconf 82' lang='lat' dir='ltr'><strong>Z;</strong></span> <span class='ocrx_word' id='word_1_151' title='bbox 1223 1774 1293 1816; x_wconf 86' lang='lat' dir='ltr'><strong>ha-</strong></span> 
     </span>
     <span class='ocr_line' id='line_1_24' title="bbox 152 1849 468 1903; baseline 0 -15"><span class='ocrx_word' id='word_1_152' title='bbox 152 1849 291 1890; x_wconf 87' lang='lat' dir='ltr'><strong>bemus</strong></span> <span class='ocrx_word' id='word_1_153' title='bbox 319 1850 468 1903; x_wconf 80' lang='lat' dir='ltr'><strong>igitur:</strong></span> 
     </span>
    </p>
   </div>
   <div class='ocr_carea' id='block_1_3' title="bbox 150 1909 1297 2181">
    <p class='ocr_par' dir='ltr' id='par_1_5' title="bbox 150 1909 1297 2181">
     <span class='ocr_line' id='line_1_25' title="bbox 209 1909 1297 1971; baseline -0.005 -36"><span class='ocrx_word' id='word_1_154' title='bbox 209 1914 901 1971; x_wconf 62' lang='lat' dir='ltr'><strong>alblzac;ab=allcll;</strong></span> <span class='ocrx_word' id='word_1_155' title='bbox 932 1913 1001 1961; x_wconf 73' lang='lat' dir='ltr'><strong>all</strong></span> <span class='ocrx_word' id='word_1_156' title='bbox 1051 1909 1297 1968; x_wconf 74' lang='lat' dir='ltr'><strong>ll=alcl3</strong></span> 
     </span>
     <span class='ocr_line' id='line_1_26' title="bbox 150 1985 842 2047; baseline 0.004 -20"><span class='ocrx_word' id='word_1_157' title='bbox 150 1985 193 2028; x_wconf 88' lang='lat' dir='ltr'><strong>id</strong></span> <span class='ocrx_word' id='word_1_158' title='bbox 220 1998 280 2029; x_wconf 91' lang='lat' dir='ltr'><strong>est</strong></span> <span class='ocrx_word' id='word_1_159' title='bbox 308 1988 416 2042; x_wconf 87' lang='lat' dir='ltr'><strong>(vid.</strong></span> <span class='ocrx_word' id='word_1_160' title='bbox 450 1990 568 2045; x_wconf 69' lang='lat' dir='ltr'><strong>supra</strong></span> <span class='ocrx_word' id='word_1_161' title='bbox 595 1991 686 2033; x_wconf 85' lang='lat' dir='ltr'><strong>Art.</strong></span> <span class='ocrx_word' id='word_1_162' title='bbox 724 1988 842 2047; x_wconf 67' lang='lat'>11.).†</span> 
     </span>
     <span class='ocr_line' id='line_1_27' title="bbox 343 2068 1032 2128; baseline -0.006 -2"><span class='ocrx_word' id='word_1_163' title='bbox 343 2068 540 2128; x_wconf 34' lang='lat' dir='ltr'><strong>ece.</strong></span> <span class='ocrx_word' id='word_1_164' title='bbox 592 2071 788 2126; x_wconf 73' lang='grc' dir='ltr'><strong>Β-Ε.</strong></span> <span class='ocrx_word' id='word_1_165' title='bbox 827 2068 1032 2128; x_wconf 57' lang='lat'><strong>,1’2-02.</strong></span> 
     </span>
     <span class='ocr_line' id='line_1_28' title="bbox 348 2123 1036 2181; baseline -0.001 -9"><span class='ocrx_word' id='word_1_166' title='bbox 348 2133 379 2172; x_wconf 77' lang='grc' dir='ltr'>Υ</span> <span class='ocrx_word' id='word_1_167' title='bbox 411 2130 544 2173; x_wconf 70' lang='grc' dir='ltr'><strong>“Χ’</strong></span> <span class='ocrx_word' id='word_1_168' title='bbox 584 2125 792 2175; x_wconf 68' lang='grc' dir='ltr'><strong>ῖ-ἶ’</strong></span> <span class='ocrx_word' id='word_1_169' title='bbox 836 2123 1036 2181; x_wconf 66' lang='lat' dir='ltr'><strong>z-Y?</strong></span> 
     </span>
    </p>
   </div>
   <div class='ocr_carea' id='block_1_4' title="bbox 1166 2258 1292 2301">
    <p class='ocr_par' dir='ltr' id='par_1_6' title="bbox 1166 2258 1292 2301">
     <span class='ocr_line' id='line_1_29' title="bbox 1166 2258 1292 2301; baseline -0.024 0"><span class='ocrx_word' id='word_1_170' title='bbox 1166 2258 1264 2301; x_wconf 88' lang='lat' dir='ltr'><strong>hinc</strong></span> <span class='ocrx_word' id='word_1_171' title='bbox 1279 2272 1292 2298; x_wconf 88' lang='grc'>;</span> 
     </span>
    </p>
   </div>
  </div>
 </body>
</html>
