1513 2734
819 163 1016 220 (4)

421 300 566 342 clarius
596 311 647 342 ex
673 311 814 342 eorum
846 301 1005 355 scriptis
1032 301 1252 351 docemur,
1283 312 1325 342 et
1352 304 1412 343 in·
1440 355 1443 358 .

419 382 479 411 ter
507 373 688 425 egregias
715 372 804 412 illas
844 372 1125 422 definitiones,
1168 374 1272 413 inter
1300 385 1413 426 prae-

419 441 526 481 clara
567 441 635 481 illa
677 453 922 494 praecepta,
966 454 1066 496 quae
1105 443 1224 483 nobis
1251 443 1411 483 conser-

416 513 526 552 vavit
554 511 756 566 legislatio
787 512 852 552 seu
883 514 1020 566 potius
1050 512 1186 566 legum
1215 512 1413 554 collectio

415 580 690 635 Justinianea‚
734 581 891 623 nullum
931 582 1015 623 fere
1046 583 1214 621 inveniri
1244 592 1413 634 potest,

416 652 529 704 quod
551 665 632 692 non
673 652 795 705 sapiat
821 652 1124 706 philosophiam
1173 650 1411 694 Stoicorum

411 722 476 762 vel
505 723 846 764 Academicorum
865 753 877 773 ‚
925 724 992 763 cui
1018 722 1215 774 imprimis
1247 734 1411 774 operam

410 803 604 834 navarunt
631 793 822 835 Romani.
884 792 940 834 Et
969 792 995 832 fi
1025 793 1079 832 ita
1103 804 1188 832 rem
1219 792 1293 831 tibi
1316 805 1412 846 pro·

410 865 562 918 ponis,
595 865 693 916 quid
719 864 1007 917 praestantius,
1040 863 1138 915 quid
1170 861 1406 904 excellenti-

409 946 458 973 us
485 933 834 987 Jurisprudentia3
868 946 992 987 quum
1022 933 1268 986 praecipua,
1303 946 1405 987 quae

410 1003 461 1044 ad
499 1004 672 1057 reliquas
712 1004 918 1045 doctrinas
961 1002 1165 1044 referenda
1195 1004 1407 1053 videntur,

411 1075 518 1128 quasi
552 1074 622 1114 suo
651 1074 836 1115 domimo
879 1073 1087 1127 subjecta,
1129 1074 1200 1115 fibi
1240 1075 1408 1128 propria

408 1144 577 1185 reddere
607 1144 792 1186 studeat?
825 1144 891 1184 Ab
920 1143 996 1184 una
1013 1144 1246 1200 enim¹parte
1263 1174 1279 1194 ,
1305 1155 1408 1197 quae

408 1214 460 1255 ad
488 1223 670 1256 externas
698 1215 908 1256 hominum
953 1213 1265 1254 necessitudines
1303 1215 1408 1254 inter

407 1285 448 1330 se
479 1286 706 1337 pertinent,
738 1286 918 1339 gentium
941 1284 1141 1339 origines,
1171 1297 1305 1326 rerum
1331 1297 1407 1336 pu-

409 1354 610 1397 blicarum
638 1357 883 1397 mutationes
910 1366 1031 1408 atque
1054 1355 1301 1406 everfiones,
1330 1367 1407 1408 po·

409 1424 601 1479 pulorum
629 1429 912 1467 contentiones
941 1427 1046 1466 inter
1070 1424 1132 1476 se,
1163 1424 1276 1480 leges
1306 1436 1407 1466 con-

410 1494 517 1537 ditae
545 1507 587 1536 et
608 1496 854 1551 abrogatae,
894 1507 1076 1549 quaeque
1104 1495 1238 1550 hujus>
1248 1495 1407 1551 generis

410 1565 620 1606 innumera
661 1566 738 1607 alia
775 1566 892 1614 sunt,
932 1564 1154 1619 legislatori
1191 1566 1240 1607 et*
1268 1566 1406 1621 legum

411 1636 718 1678 constitutarum
754 1637 1027 1677 conservatori
1060 1638 1215 1690 optima
1253 1637 1406 1690 princi-

411 1708 480 1761 pia
511 1706 750 1748 submittunt
775 1707 876 1760 juris
902 1707 1056 1746 externi
1084 1706 1238 1747 ferendi
1267 1718 1334 1748 aut
1356 1706 1404 1747 il-

411 1777 622 1820 lustr-andi.
683 1776 750 1818 Ab
776 1776 898 1816 altera
925 1788 1021 1816 vero
1043 1788 1176 1828 parte,
1208 1777 1320 1831 quod
1335 1776 1403 1819 hic

411 1848 578 1902 majoris
605 1848 724 1888 etiarn
752 1847 873 1899 pretii
899 1845 983 1886 esse
1024 1846 1171 1895 debet,
1208 1860 1314 1901 ‘quae
1355 1846 1404 1889 ad

409 1918 585 1959 internas
614 1917 704 1957 illas
733 1928 772 1957 et
808 1929 986 1957 aeternas
1025 1929 1157 1957 rerum
1189 1918 1404 1959 necesfitu-

410 1987 525 2028 dines
547 1986 754 2028 reserenda
778 1986 893 2036 sunt,
926 1999 1027 2040 quae
1052 1999 1135 2027 non
1164 1988 1234 2028 nifi
1271 1988 1402 2028 initia·

396 2057 462 2115 'tis
484 2058 722 2111 patescunt,
764 2056 814 2097 ad
843 2069 939 2109 quas
968 2057 1210 2098 evolvendas
1247 2048 1400 2108 homo,

409 2139 456 2169 Ut
483 2124 610 2168 verbo
639 2139 753 2177 utar,
777 2140 851 2181 per
875 2128 1190 2181 microscopium
1218 2127 1399 2181 philoso-

409 2197 529 2252 phiae
559 2197 751 2242 accedere
795 2197 942 2250 debet,
986 2198 1085 2244 haec
1129 2199 1263 2240 omnia
1299 2199 1399 2254 juris

1326 2281 1398 2325 ΡΘ·
