<?xml version="1.0" encoding="UTF-8"?>
<!DOCTYPE html PUBLIC "-//W3C//DTD XHTML 1.0 Transitional//EN"
    "http://www.w3.org/TR/xhtml1/DTD/xhtml1-transitional.dtd">
<html xmlns="http://www.w3.org/1999/xhtml" xml:lang="en" lang="en">
 <head>
  <title>
</title>
<meta http-equiv="Content-Type" content="text/html;charset=utf-8" />
  <meta name='ocr-system' content='tesseract 3.04.00' />
  <meta name='ocr-capabilities' content='ocr_page ocr_carea ocr_par ocr_line ocrx_word'/>
</head>
<body>
  <div class='ocr_page' id='page_1' title='image "annalesacademiae23acad_0965.png"; bbox 0 0 1513 2734; ppageno 0'>
   <div class='ocr_carea' id='block_1_1' title="bbox 465 163 719 222">
    <p class='ocr_par' dir='ltr' id='par_1_1' title="bbox 465 163 719 222">
     <span class='ocr_line' id='line_1_1' title="bbox 465 163 719 222; baseline 0.004 -1"><span class='ocrx_word' id='word_1_1' title='bbox 465 163 719 222; x_wconf 84' lang='lat'>(189)</span> 
     </span>
    </p>
   </div>
   <div class='ocr_carea' id='block_1_2' title="bbox 82 304 1139 2180">
    <p class='ocr_par' dir='ltr' id='par_1_2' title="bbox 82 304 1139 1482">
     <span class='ocr_line' id='line_1_2' title="bbox 90 304 1084 363; baseline 0.004 -15"><span class='ocrx_word' id='word_1_2' title='bbox 90 306 160 360; x_wconf 86' lang='lat' dir='ltr'><strong>qui</strong></span> <span class='ocrx_word' id='word_1_3' title='bbox 189 305 243 347; x_wconf 81' lang='lat' dir='ltr'><strong>ita</strong></span> <span class='ocrx_word' id='word_1_4' title='bbox 269 304 519 359; x_wconf 81' lang='lat' dir='ltr'><strong>compositus</strong></span> <span class='ocrx_word' id='word_1_5' title='bbox 539 318 621 348; x_wconf 89' lang='lat' dir='ltr'><strong>est:</strong></span> <span class='ocrx_word' id='word_1_6' title='bbox 653 337 681 360; x_wconf 91' lang='lat'><strong>„</strong></span> <span class='ocrx_word' id='word_1_7' title='bbox 712 305 783 350; x_wconf 78' lang='lat' dir='ltr'><strong>La</strong></span> <span class='ocrx_word' id='word_1_8' title='bbox 796 306 1084 363; x_wconf 72' lang='lat' dir='ltr'><strong>pre‘somption</strong></span> 
     </span>
     <span class='ocr_line' id='line_1_3' title="bbox 86 372 1124 432; baseline 0.005 -16"><span class='ocrx_word' id='word_1_9' title='bbox 86 403 117 428; x_wconf 70' lang='lat'><strong>2,</strong></span> <span class='ocrx_word' id='word_1_10' title='bbox 145 375 287 430; x_wconf 59' lang='lat' dir='ltr'><strong>legale</strong></span> <span class='ocrx_word' id='word_1_11' title='bbox 314 372 500 430; x_wconf 66' lang='lat' dir='ltr'><strong>dispenfi?</strong></span> <span class='ocrx_word' id='word_1_12' title='bbox 529 375 578 415; x_wconf 83' lang='lat' dir='ltr'><strong>de</strong></span> <span class='ocrx_word' id='word_1_13' title='bbox 621 387 734 419; x_wconf 81' lang='lat' dir='ltr'><strong>toute</strong></span> <span class='ocrx_word' id='word_1_14' title='bbox 756 385 919 432; x_wconf 68' lang='lat' dir='ltr'><strong>preme</strong></span> <span class='ocrx_word' id='word_1_15' title='bbox 945 380 1085 430; x_wconf 80' lang='lat' dir='ltr'><strong>celui,</strong></span> <span class='ocrx_word' id='word_1_16' title='bbox 1122 407 1124 409; x_wconf 97' lang='lat'>-</span> 
     </span>
     <span class='ocr_line' id='line_1_4' title="bbox 85 444 1087 502; baseline 0.005 -16"><span class='ocrx_word' id='word_1_17' title='bbox 85 473 116 498; x_wconf 89' lang='lat'><strong><em>„</em></strong></span> <span class='ocrx_word' id='word_1_18' title='bbox 144 457 204 487; x_wconf 85' lang='lat' dir='ltr'><strong>au</strong></span> <span class='ocrx_word' id='word_1_19' title='bbox 225 444 361 502; x_wconf 81' lang='lat' dir='ltr'><em>profit</em></span> <span class='ocrx_word' id='word_1_20' title='bbox 389 446 547 501; x_wconf 80' lang='lat' dir='ltr'><strong>duquel</strong></span> <span class='ocrx_word' id='word_1_21' title='bbox 572 448 651 489; x_wconf 86' lang='lat' dir='ltr'><strong>elle</strong></span> <span class='ocrx_word' id='word_1_22' title='bbox 691 450 839 491; x_wconf 78' lang='lat' dir='ltr'><strong>existe.</strong></span> <span class='ocrx_word' id='word_1_23' title='bbox 873 464 918 472; x_wconf 93' lang='grc'>-</span> <span class='ocrx_word' id='word_1_24' title='bbox 947 449 1087 491; x_wconf 70' lang='lat' dir='ltr'><em>Nulla</em></span> 
     </span>
     <span class='ocr_line' id='line_1_5' title="bbox 86 514 1084 574; baseline 0.006 -20"><span class='ocrx_word' id='word_1_25' title='bbox 86 543 115 569; x_wconf 88' lang='lat'>„</span> <span class='ocrx_word' id='word_1_26' title='bbox 137 522 301 570; x_wconf 75' lang='lat' dir='ltr'><strong>preuve</strong></span> <span class='ocrx_word' id='word_1_27' title='bbox 341 515 448 557; x_wconf 78' lang='lat' dir='ltr'><strong>n’est</strong></span> <span class='ocrx_word' id='word_1_28' title='bbox 488 514 648 571; x_wconf 77' lang='lat' dir='ltr'><strong>admife</strong></span> <span class='ocrx_word' id='word_1_29' title='bbox 707 528 851 560; x_wconf 77' lang='lat' dir='ltr'><strong>contre</strong></span> <span class='ocrx_word' id='word_1_30' title='bbox 899 519 944 560; x_wconf 81' lang='lat' dir='ltr'><strong>la</strong></span> <span class='ocrx_word' id='word_1_31' title='bbox 978 521 1084 574; x_wconf 65' lang='lat' dir='ltr'><strong>prd-</strong></span> 
     </span>
     <span class='ocr_line' id='line_1_6' title="bbox 85 582 1083 642; baseline 0.005 -17"><span class='ocrx_word' id='word_1_32' title='bbox 85 615 114 638; x_wconf 90' lang='lat'><strong>„</strong></span> <span class='ocrx_word' id='word_1_33' title='bbox 135 582 345 640; x_wconf 77' lang='lat' dir='ltr'><strong>meption</strong></span> <span class='ocrx_word' id='word_1_34' title='bbox 371 584 420 625; x_wconf 79' lang='lat' dir='ltr'><strong>cle</strong></span> <span class='ocrx_word' id='word_1_35' title='bbox 447 585 498 626; x_wconf 27' lang='lat' dir='ltr'><strong>lav</strong></span> <span class='ocrx_word' id='word_1_36' title='bbox 521 586 599 635; x_wconf 77' lang='grc' dir='ltr'><strong>ἰοὶ,</strong></span> <span class='ocrx_word' id='word_1_37' title='bbox 630 587 796 642; x_wconf 77' lang='lat' dir='ltr'><strong>lorsque</strong></span> <span class='ocrx_word' id='word_1_38' title='bbox 814 583 897 641; x_wconf 84' lang='lat' dir='ltr'><strong>sur</strong></span> <span class='ocrx_word' id='word_1_39' title='bbox 926 588 964 629; x_wconf 80' lang='lat' dir='ltr'><strong>le</strong></span> <span class='ocrx_word' id='word_1_40' title='bbox 984 586 1083 642; x_wconf 82' lang='lat' dir='ltr'><em>fon-</em></span> 
     </span>
     <span class='ocr_line' id='line_1_7' title="bbox 84 654 1083 711; baseline 0.005 -17"><span class='ocrx_word' id='word_1_41' title='bbox 84 685 113 707; x_wconf 87' lang='lat'>„</span> <span class='ocrx_word' id='word_1_42' title='bbox 143 655 309 696; x_wconf 80' lang='lat' dir='ltr'><strong>dement</strong></span> <span class='ocrx_word' id='word_1_43' title='bbox 349 655 399 695; x_wconf 84' lang='lat' dir='ltr'><strong>de</strong></span> <span class='ocrx_word' id='word_1_44' title='bbox 440 665 546 696; x_wconf 82' lang='lat' dir='ltr'><strong>cette</strong></span> <span class='ocrx_word' id='word_1_45' title='bbox 579 654 869 711; x_wconf 58' lang='lat' dir='ltr'><strong>presomption</strong></span> <span class='ocrx_word' id='word_1_46' title='bbox 898 657 977 698; x_wconf 78' lang='lat' dir='ltr'><strong>elle</strong></span> <span class='ocrx_word' id='word_1_47' title='bbox 1004 671 1083 699; x_wconf 83' lang='lat' dir='ltr'><strong>cm-</strong></span> 
     </span>
     <span class='ocr_line' id='line_1_8' title="bbox 84 725 1084 778; baseline 0.005 -13"><span class='ocrx_word' id='word_1_48' title='bbox 84 752 113 778; x_wconf 87' lang='lat'>„</span> <span class='ocrx_word' id='word_1_49' title='bbox 142 725 258 766; x_wconf 83' lang='lat' dir='ltr'><strong>nulle</strong></span> <span class='ocrx_word' id='word_1_50' title='bbox 285 726 476 766; x_wconf 78' lang='lat' dir='ltr'><strong>certains</strong></span> <span class='ocrx_word' id='word_1_51' title='bbox 502 735 643 776; x_wconf 75' lang='lat' dir='ltr'><strong>actes,</strong></span> <span class='ocrx_word' id='word_1_52' title='bbox 676 740 726 767; x_wconf 76' lang='lat' dir='ltr'><strong>ou</strong></span> <span class='ocrx_word' id='word_1_53' title='bbox 755 727 877 768; x_wconf 54' lang='lat' dir='ltr'><strong>defnie</strong></span> <span class='ocrx_word' id='word_1_54' title='bbox 906 727 1084 770; x_wconf 75' lang='lat' dir='ltr'><strong>l&#39;action</strong></span> 
     </span>
     <span class='ocr_line' id='line_1_9' title="bbox 84 793 1083 852; baseline 0.002 -16"><span class='ocrx_word' id='word_1_55' title='bbox 84 822 114 847; x_wconf 87' lang='lat'><strong>„</strong></span> <span class='ocrx_word' id='word_1_56' title='bbox 144 807 195 836; x_wconf 86' lang='lat' dir='ltr'><strong>en</strong></span> <span class='ocrx_word' id='word_1_57' title='bbox 229 795 416 849; x_wconf 79' lang='lat' dir='ltr'><em>justice,</em></span> <span class='ocrx_word' id='word_1_58' title='bbox 461 793 490 835; x_wconf 76' lang='grc' dir='ltr'><em>ὰ</em></span> <span class='ocrx_word' id='word_1_59' title='bbox 532 797 664 838; x_wconf 76' lang='lat' dir='ltr'><strong>moins</strong></span> <span class='ocrx_word' id='word_1_60' title='bbox 692 796 844 852; x_wconf 78' lang='lat' dir='ltr'><strong>qu&#39;elle</strong></span> <span class='ocrx_word' id='word_1_61' title='bbox 874 796 988 839; x_wconf 79' lang='lat' dir='ltr'><strong>n&#39;ait</strong></span> <span class='ocrx_word' id='word_1_62' title='bbox 1014 800 1083 838; x_wconf 74' lang='grc' dir='ltr'><strong>νέ-</strong></span> 
     </span>
     <span class='ocr_line' id='line_1_10' title="bbox 84 862 1111 927; baseline 0.003 -21"><span class='ocrx_word' id='word_1_63' title='bbox 84 894 113 918; x_wconf 88' lang='grc'><strong>,,</strong></span> <span class='ocrx_word' id='word_1_64' title='bbox 134 862 264 920; x_wconf 63' lang='grc' dir='ltr'><em>βεννέ</em></span> <span class='ocrx_word' id='word_1_65' title='bbox 286 866 332 907; x_wconf 77' lang='lat' dir='ltr'><strong>la</strong></span> <span class='ocrx_word' id='word_1_66' title='bbox 350 872 514 918; x_wconf 74' lang='lat' dir='ltr'><strong>preuve</strong></span> <span class='ocrx_word' id='word_1_67' title='bbox 545 867 790 917; x_wconf 73' lang='lat' dir='ltr'><strong>contraire,</strong></span> <span class='ocrx_word' id='word_1_68' title='bbox 837 878 878 909; x_wconf 79' lang='lat' dir='ltr'><strong>et</strong></span> <span class='ocrx_word' id='word_1_69' title='bbox 905 866 1022 923; x_wconf 75' lang='lat' dir='ltr'><strong>saus</strong></span> <span class='ocrx_word' id='word_1_70' title='bbox 1037 881 1082 908; x_wconf 82' lang='lat' dir='ltr'><strong>ce</strong></span> <span class='ocrx_word' id='word_1_71' title='bbox 1104 922 1111 927; x_wconf 15' lang='lat' dir='ltr'>N</span> 
     </span>
     <span class='ocr_line' id='line_1_11' title="bbox 83 932 1083 992; baseline 0.003 -17"><span class='ocrx_word' id='word_1_72' title='bbox 83 964 113 989; x_wconf 81' lang='lat'><strong>,‚</strong></span> <span class='ocrx_word' id='word_1_73' title='bbox 143 936 218 991; x_wconf 79' lang='lat' dir='ltr'><strong>qui</strong></span> <span class='ocrx_word' id='word_1_74' title='bbox 241 932 348 989; x_wconf 79' lang='lat' dir='ltr'><strong>fera</strong></span> <span class='ocrx_word' id='word_1_75' title='bbox 382 936 446 977; x_wconf 79' lang='lat' dir='ltr'><strong>dit</strong></span> <span class='ocrx_word' id='word_1_76' title='bbox 479 933 561 991; x_wconf 80' lang='lat' dir='ltr'><strong>fur</strong></span> <span class='ocrx_word' id='word_1_77' title='bbox 588 938 626 978; x_wconf 82' lang='lat' dir='ltr'><strong>le</strong></span> <span class='ocrx_word' id='word_1_78' title='bbox 651 935 843 992; x_wconf 61' lang='lat' dir='ltr'><strong>serment</strong></span> <span class='ocrx_word' id='word_1_79' title='bbox 877 948 918 980; x_wconf 83' lang='lat' dir='ltr'><strong>et</strong></span> <span class='ocrx_word' id='word_1_80' title='bbox 939 938 1083 980; x_wconf 74' lang='lat' dir='ltr'><strong>l&#39;aven</strong></span> 
     </span>
     <span class='ocr_line' id='line_1_12' title="bbox 82 1005 1082 1062; baseline 0.002 -16"><span class='ocrx_word' id='word_1_81' title='bbox 82 1033 113 1059; x_wconf 86' lang='lat'>„</span> <span class='ocrx_word' id='word_1_82' title='bbox 135 1005 443 1060; x_wconf 76' lang='lat' dir='ltr'><strong>judiciaires.”</strong></span> <span class='ocrx_word' id='word_1_83' title='bbox 502 1005 570 1047; x_wconf 94' lang='lat' dir='ltr'><strong>De</strong></span> <span class='ocrx_word' id='word_1_84' title='bbox 601 1008 731 1060; x_wconf 89' lang='lat' dir='ltr'>priori</span> <span class='ocrx_word' id='word_1_85' title='bbox 759 1008 877 1062; x_wconf 87' lang='lat' dir='ltr'><strong>hujus</strong></span> <span class='ocrx_word' id='word_1_86' title='bbox 902 1008 1082 1050; x_wconf 87' lang='lat' dir='ltr'>Articuli</span> 
     </span>
     <span class='ocr_line' id='line_1_13' title="bbox 84 1076 1083 1134; baseline 0.002 -17"><span class='ocrx_word' id='word_1_87' title='bbox 84 1076 347 1129; x_wconf 73' lang='lat' dir='ltr'><strong>dispositione</strong></span> <span class='ocrx_word' id='word_1_88' title='bbox 376 1077 457 1131; x_wconf 85' lang='lat' dir='ltr'><strong>jam</strong></span> <span class='ocrx_word' id='word_1_89' title='bbox 487 1076 684 1126; x_wconf 82' lang='lat' dir='ltr'><strong>vidimus,</strong></span> <span class='ocrx_word' id='word_1_90' title='bbox 715 1079 832 1119; x_wconf 90' lang='lat' dir='ltr'><strong>initio</strong></span> <span class='ocrx_word' id='word_1_91' title='bbox 854 1079 972 1134; x_wconf 89' lang='lat' dir='ltr'><strong>hujus</strong></span> <span class='ocrx_word' id='word_1_92' title='bbox 986 1077 1083 1119; x_wconf 88' lang='lat' dir='ltr'>Par-</span> 
     </span>
     <span class='ocr_line' id='line_1_14' title="bbox 84 1146 1139 1202; baseline 0.006 -16"><span class='ocrx_word' id='word_1_93' title='bbox 84 1147 136 1187; x_wconf 86' lang='lat' dir='ltr'><strong>tis</strong></span> <span class='ocrx_word' id='word_1_94' title='bbox 165 1146 373 1188; x_wconf 86' lang='lat' dir='ltr'>Secundae</span> <span class='ocrx_word' id='word_1_95' title='bbox 402 1146 426 1200; x_wconf 79' lang='grc'>&lt;</span> <span class='ocrx_word' id='word_1_96' title='bbox 435 1146 498 1199; x_wconf 80' lang='lat'><strong>1).</strong></span> <span class='ocrx_word' id='word_1_97' title='bbox 558 1146 686 1202; x_wconf 85' lang='lat' dir='ltr'><strong>Quod</strong></span> <span class='ocrx_word' id='word_1_98' title='bbox 721 1160 820 1190; x_wconf 89' lang='lat' dir='ltr'><strong>vero</strong></span> <span class='ocrx_word' id='word_1_99' title='bbox 861 1150 1006 1190; x_wconf 81' lang='lat' dir='ltr'>attinet</span> <span class='ocrx_word' id='word_1_100' title='bbox 1031 1148 1085 1190; x_wconf 85' lang='lat' dir='ltr'><strong>ad</strong></span> <span class='ocrx_word' id='word_1_101' title='bbox 1136 1192 1139 1193; x_wconf 15' lang='lat'><em>⁷</em></span> 
     </span>
     <span class='ocr_line' id='line_1_15' title="bbox 86 1215 1084 1274; baseline 0.003 -18"><span class='ocrx_word' id='word_1_102' title='bbox 86 1215 252 1257; x_wconf 83' lang='lat' dir='ltr'><strong>alteram</strong></span> <span class='ocrx_word' id='word_1_103' title='bbox 291 1217 469 1259; x_wconf 85' lang='lat' dir='ltr'>Articuli</span> <span class='ocrx_word' id='word_1_104' title='bbox 511 1228 699 1272; x_wconf 82' lang='lat' dir='ltr'><strong>partem,</strong></span> <span class='ocrx_word' id='word_1_105' title='bbox 744 1219 816 1259; x_wconf 92' lang='lat' dir='ltr'><strong>ubi</strong></span> <span class='ocrx_word' id='word_1_106' title='bbox 858 1221 991 1274; x_wconf 84' lang='lat' dir='ltr'><strong>agitur</strong></span> <span class='ocrx_word' id='word_1_107' title='bbox 1031 1219 1084 1260; x_wconf 88' lang='lat' dir='ltr'><strong>de</strong></span> 
     </span>
     <span class='ocr_line' id='line_1_16' title="bbox 83 1278 1090 1341; baseline 0.003 -15"><span class='ocrx_word' id='word_1_108' title='bbox 83 1288 330 1341; x_wconf 82' lang='lat' dir='ltr'>probatione</span> <span class='ocrx_word' id='word_1_109' title='bbox 372 1290 564 1330; x_wconf 82' lang='lat' dir='ltr'><strong>contrarii</strong></span> <span class='ocrx_word' id='word_1_110' title='bbox 606 1288 852 1330; x_wconf 60' lang='lat' dir='ltr'><strong>admittenda</strong></span> <span class='ocrx_word' id='word_1_111' title='bbox 894 1289 960 1330; x_wconf 92' lang='lat' dir='ltr'><strong>vel</strong></span> <span class='ocrx_word' id='word_1_112' title='bbox 996 1278 1090 1331; x_wconf 60' lang='lat' dir='ltr'><strong>non&#39;</strong></span> 
     </span>
     <span class='ocr_line' id='line_1_17' title="bbox 83 1356 1082 1410; baseline 0.004 -14"><span class='ocrx_word' id='word_1_113' title='bbox 83 1356 361 1407; x_wconf 65' lang='lat' dir='ltr'><strong>admittendai,</strong></span> <span class='ocrx_word' id='word_1_114' title='bbox 417 1357 470 1399; x_wconf 87' lang='lat' dir='ltr'><strong>de</strong></span> <span class='ocrx_word' id='word_1_115' title='bbox 523 1358 568 1399; x_wconf 69' lang='lat' dir='ltr'><strong>efi</strong></span> <span class='ocrx_word' id='word_1_116' title='bbox 625 1370 733 1401; x_wconf 92' lang='lat' dir='ltr'><strong>nunc</strong></span> <span class='ocrx_word' id='word_1_117' title='bbox 772 1370 1082 1410; x_wconf 68' lang='lat' dir='ltr'><strong>nostrnmest,</strong></span> 
     </span>
     <span class='ocr_line' id='line_1_18' title="bbox 83 1425 941 1482; baseline 0.006 -16"><span class='ocrx_word' id='word_1_118' title='bbox 83 1425 220 1480; x_wconf 74' lang='lat' dir='ltr'><strong>paulo,</strong></span> <span class='ocrx_word' id='word_1_119' title='bbox 237 1427 471 1482; x_wconf 87' lang='lat' dir='ltr'><strong>diligentius</strong></span> <span class='ocrx_word' id='word_1_120' title='bbox 500 1440 720 1481; x_wconf 83' lang='lat' dir='ltr'><strong>exponere.</strong></span> <span class='ocrx_word' id='word_1_121' title='bbox 939 1432 941 1435; x_wconf 87' lang='grc'><strong>’</strong></span> 
     </span>
    </p>

    <p class='ocr_par' dir='ltr' id='par_1_3' title="bbox 83 1494 1128 2115">
     <span class='ocr_line' id='line_1_19' title="bbox 142 1494 1082 1555; baseline 0.003 -19"><span class='ocrx_word' id='word_1_122' title='bbox 142 1494 209 1537; x_wconf 84' lang='lat' dir='ltr'><strong>Ex</strong></span> <span class='ocrx_word' id='word_1_123' title='bbox 236 1497 284 1536; x_wconf 86' lang='lat' dir='ltr'><strong>iis</strong></span> <span class='ocrx_word' id='word_1_124' title='bbox 309 1509 435 1544; x_wconf 87' lang='lat' dir='ltr'><strong>vero,</strong></span> <span class='ocrx_word' id='word_1_125' title='bbox 467 1511 568 1552; x_wconf 86' lang='lat' dir='ltr'><strong>quae</strong></span> <span class='ocrx_word' id='word_1_126' title='bbox 589 1500 801 1555; x_wconf 85' lang='lat' dir='ltr'><strong>hucusque</strong></span> <span class='ocrx_word' id='word_1_127' title='bbox 827 1500 1082 1549; x_wconf 86' lang='lat' dir='ltr'><strong>monuimus,</strong></span> 
     </span>
     <span class='ocr_line' id='line_1_20' title="bbox 83 1565 1084 1622; baseline 0.002 -15"><span class='ocrx_word' id='word_1_128' title='bbox 83 1565 291 1620; x_wconf 83' lang='lat' dir='ltr'><strong>sequitur,</strong></span> <span class='ocrx_word' id='word_1_129' title='bbox 335 1580 476 1609; x_wconf 87' lang='lat' dir='ltr'><strong>omnes</strong></span> <span class='ocrx_word' id='word_1_130' title='bbox 517 1568 621 1622; x_wconf 85' lang='lat' dir='ltr'><strong>legis</strong></span> <span class='ocrx_word' id='word_1_131' title='bbox 662 1566 982 1622; x_wconf 86' lang='lat' dir='ltr'><strong>praesumtiones</strong></span> <span class='ocrx_word' id='word_1_132' title='bbox 1021 1580 1084 1609; x_wconf 86' lang='lat' dir='ltr'><strong>es·</strong></span> 
     </span>
     <span class='ocr_line' id='line_1_21' title="bbox 84 1635 1084 1692; baseline 0.001 -15"><span class='ocrx_word' id='word_1_133' title='bbox 84 1635 126 1677; x_wconf 85' lang='lat' dir='ltr'><strong>se</strong></span> <span class='ocrx_word' id='word_1_134' title='bbox 162 1637 263 1692; x_wconf 89' lang='lat' dir='ltr'><strong>juris</strong></span> <span class='ocrx_word' id='word_1_135' title='bbox 306 1648 487 1687; x_wconf 87' lang='lat' dir='ltr'><strong>tantum,</strong></span> <span class='ocrx_word' id='word_1_136' title='bbox 533 1640 603 1679; x_wconf 87' lang='lat' dir='ltr'><strong>nifi</strong></span> <span class='ocrx_word' id='word_1_137' title='bbox 634 1639 791 1680; x_wconf 80' lang='lat' dir='ltr'><strong>disertis</strong></span> <span class='ocrx_word' id='word_1_138' title='bbox 815 1640 951 1680; x_wconf 89' lang='lat' dir='ltr'><strong>verbis</strong></span> <span class='ocrx_word' id='word_1_139' title='bbox 983 1651 1084 1679; x_wconf 89' lang='lat' dir='ltr'><strong>con-</strong></span> 
     </span>
     <span class='ocr_line' id='line_1_22' title="bbox 84 1707 1084 1763; baseline 0.001 -15"><span class='ocrx_word' id='word_1_140' title='bbox 84 1708 252 1748; x_wconf 86' lang='lat' dir='ltr'><strong>trarium</strong></span> <span class='ocrx_word' id='word_1_141' title='bbox 291 1707 507 1749; x_wconf 83' lang='lat' dir='ltr'><strong>statuatur:</strong></span> <span class='ocrx_word' id='word_1_142' title='bbox 551 1707 735 1762; x_wconf 86' lang='lat' dir='ltr'><strong>adeoque</strong></span> <span class='ocrx_word' id='word_1_143' title='bbox 783 1709 874 1763; x_wconf 87' lang='lat' dir='ltr'><strong>jure</strong></span> <span class='ocrx_word' id='word_1_144' title='bbox 914 1708 1084 1750; x_wconf 85' lang='lat' dir='ltr'><strong>Gallico</strong></span> 
     </span>
     <span class='ocr_line' id='line_1_23' title="bbox 85 1777 1128 1833; baseline -0.001 -13"><span class='ocrx_word' id='word_1_145' title='bbox 85 1790 227 1820; x_wconf 75' lang='lat' dir='ltr'><strong>omnes</strong></span> <span class='ocrx_word' id='word_1_146' title='bbox 255 1777 359 1833; x_wconf 86' lang='lat' dir='ltr'><strong>legis</strong></span> <span class='ocrx_word' id='word_1_147' title='bbox 386 1778 705 1831; x_wconf 82' lang='lat' dir='ltr'><strong>praesumtiones</strong></span> <span class='ocrx_word' id='word_1_148' title='bbox 733 1779 949 1819; x_wconf 82' lang='lat' dir='ltr'><strong>admittunt</strong></span> <span class='ocrx_word' id='word_1_149' title='bbox 982 1790 1084 1819; x_wconf 87' lang='lat' dir='ltr'><strong>con-</strong></span> <span class='ocrx_word' id='word_1_150' title='bbox 1125 1808 1128 1813; x_wconf 86' lang='lat'>-</span> 
     </span>
     <span class='ocr_line' id='line_1_24' title="bbox 86 1849 1082 1902; baseline 0 -14"><span class='ocrx_word' id='word_1_151' title='bbox 86 1849 195 1888; x_wconf 81' lang='lat' dir='ltr'><strong>trarii</strong></span> <span class='ocrx_word' id='word_1_152' title='bbox 237 1849 550 1901; x_wconf 83' lang='lat' dir='ltr'><strong>probationem,</strong></span> <span class='ocrx_word' id='word_1_153' title='bbox 589 1849 659 1890; x_wconf 88' lang='lat' dir='ltr'><strong>nifi</strong></span> <span class='ocrx_word' id='word_1_154' title='bbox 712 1861 880 1902; x_wconf 85' lang='lat' dir='ltr'><strong>quarum</strong></span> <span class='ocrx_word' id='word_1_155' title='bbox 922 1850 1082 1889; x_wconf 85' lang='lat' dir='ltr'><strong>ratione</strong></span> 
     </span>
     <span class='ocr_line' id='line_1_25' title="bbox 84 1917 1084 1969; baseline 0.003 -12"><span class='ocrx_word' id='word_1_156' title='bbox 84 1917 151 1958; x_wconf 86' lang='lat' dir='ltr'><strong>lex</strong></span> <span class='ocrx_word' id='word_1_157' title='bbox 189 1929 257 1959; x_wconf 83' lang='lat' dir='ltr'><strong>aut</strong></span> <span class='ocrx_word' id='word_1_158' title='bbox 287 1918 543 1960; x_wconf 81' lang='lat' dir='ltr'><strong>instrumenta</strong></span> <span class='ocrx_word' id='word_1_159' title='bbox 581 1918 692 1960; x_wconf 84' lang='lat' dir='ltr'><strong>nulla</strong></span> <span class='ocrx_word' id='word_1_160' title='bbox 732 1918 816 1959; x_wconf 92' lang='lat' dir='ltr'><strong>esse</strong></span> <span class='ocrx_word' id='word_1_161' title='bbox 853 1918 970 1969; x_wconf 90' lang='lat' dir='ltr'><strong>vult,</strong></span> <span class='ocrx_word' id='word_1_162' title='bbox 1014 1929 1084 1960; x_wconf 85' lang='lat' dir='ltr'><strong>aut</strong></span> 
     </span>
     <span class='ocr_line' id='line_1_26' title="bbox 83 1989 1082 2046; baseline -0.001 -15"><span class='ocrx_word' id='word_1_163' title='bbox 83 1992 289 2033; x_wconf 82' lang='lat' dir='ltr'><strong>actionem</strong></span> <span class='ocrx_word' id='word_1_164' title='bbox 346 1991 542 2046; x_wconf 82' lang='lat' dir='ltr'><strong>denegat,</strong></span> <span class='ocrx_word' id='word_1_165' title='bbox 587 1990 770 2043; x_wconf 86' lang='lat' dir='ltr'><strong>exceptis</strong></span> <span class='ocrx_word' id='word_1_166' title='bbox 810 1991 964 2038; x_wconf 57' lang='lat' dir='ltr'><strong>caum,</strong></span> <span class='ocrx_word' id='word_1_167' title='bbox 1009 1989 1082 2030; x_wconf 91' lang='lat' dir='ltr'><strong>ubi</strong></span> 
     </span>
     <span class='ocr_line' id='line_1_27' title="bbox 83 2058 1081 2115; baseline -0.002 -14"><span class='ocrx_word' id='word_1_168' title='bbox 83 2060 241 2102; x_wconf 80' lang='lat' dir='ltr'><strong>disertis</strong></span> <span class='ocrx_word' id='word_1_169' title='bbox 279 2063 414 2104; x_wconf 85' lang='lat' dir='ltr'><strong>verbis</strong></span> <span class='ocrx_word' id='word_1_170' title='bbox 456 2063 647 2104; x_wconf 80' lang='lat' dir='ltr'><strong>contrarii</strong></span> <span class='ocrx_word' id='word_1_171' title='bbox 677 2060 871 2115; x_wconf 84' lang='lat' dir='ltr'><strong>probatio</strong></span> <span class='ocrx_word' id='word_1_172' title='bbox 911 2058 1081 2101; x_wconf 78' lang='lat' dir='ltr'>admissa</span> 
     </span>
    </p>

    <p class='ocr_par' dir='ltr' id='par_1_4' title="bbox 995 2140 1079 2180">
     <span class='ocr_line' id='line_1_28' title="bbox 995 2140 1079 2180; baseline 0 -10"><span class='ocrx_word' id='word_1_173' title='bbox 995 2140 1079 2180; x_wconf 79' lang='lat' dir='ltr'><strong>est,</strong></span> 
     </span>
    </p>
   </div>
   <div class='ocr_carea' id='block_1_3' title="bbox 127 2206 386 2254">
    <p class='ocr_par' dir='ltr' id='par_1_5' title="bbox 127 2206 386 2254">
     <span class='ocr_line' id='line_1_29' title="bbox 127 2206 386 2254; baseline 0.015 -13"><span class='ocrx_word' id='word_1_174' title='bbox 127 2206 191 2252; x_wconf 78' lang='lat'><strong>(1)</strong></span> <span class='ocrx_word' id='word_1_175' title='bbox 215 2208 290 2243; x_wconf 88' lang='lat' dir='ltr'><strong>vid.</strong></span> <span class='ocrx_word' id='word_1_176' title='bbox 315 2211 333 2254; x_wconf 88' lang='lat'>§</span> <span class='ocrx_word' id='word_1_177' title='bbox 359 2210 386 2245; x_wconf 84' lang='lat'><strong>1.</strong></span> 
     </span>
    </p>
   </div>
  </div>
 </body>
</html>
