1513 2734
738 141 963 197 (18)

292 283 440 328 Batava
468 282 593 324 terra!
639 278 891 320 habitandam
919 276 989 319 fibi
1018 275 1169 315 divinas
1206 272 1415 326 exoptiisse

294 365 428 406 literas
470 377 517 406 ac
559 362 779 417 delegisse,
823 373 873 399 ne
919 358 990 412 ipsi
1037 356 1200 411 quidem
1227 345 1416 409 proximo

288 447 427 489 seculo
450 447 490 487 se
516 448 699 502 ignorare
727 442 989 497 prodiderunt
1015 439 1248 494 Hungariae
1276 430 1415 478 rustici

286 529 561 583 Poloniaeque
577 558 590 577 ‚
621 508 718 580 qui,
751 525 932 578 quamvis
952 536 974 563 a
996 522 1125 563 Mufis
1154 520 1284 561 essent
1303 531 1414 560 aver-

285 613 341 662 fi,
371 623 491 664 atque
526 611 576 651 ab
604 610 685 650 hoc
714 609 908 648 bonarum
937 605 1081 645 artium
1112 603 1282 644 sacrario
1320 601 1414 641 Bel‘

283 695 379 748 gico
403 693 589 734 locorum
631 690 884 732 remotisfimi
925 686 1250 741 longinquitate,
1278 681 1412 736 <HER-

280 787 476 819 MANNUM
502 785 631 814 tamen
658 771 793 813 Tuum
823 770 1048 811 VENEMAM
1074 768 1303 821 principem
1326 766 1410 819 pri·

283 859 528 909 mariumque
562 855 752 906 Europae
781 851 1044 907 Theologum
1070 849 1274 893 celebrare
1304 860 1411 890 con·

283 938 460 982 suessent
485 951 531 979 ac
559 937 814 991 praedicare!
847 933 923 988 (*)

283 1218 287 1220 .
337 1183 544 1240 Quoniam
597 1182 798 1230 vidimus,
843 1179 1062 1221 Auditores
1103 1178 1405 1220 humanissimi!

280 1278 332 1308 ne
372 1264 651 1307 infelicisfimis
689 1263 851 1317 quidem
895 1262 1177 1315 temporibus,
1238 1259 1404 1314 prorsus

278 1350 375 1389 hinc
401 1360 510 1389 recta
535 1346 727 1389 exsulzisse
763 1357 988 1386 nostrarum
1017 1344 1141 1386 studia
1167 1343 1403 1392 literarum;

280 1430 485 1484 sequitur,
516 1431 605 1479 uti,
635 1429 708 1470 hac
739 1428 969 1482 praesertim
996 1438 1147 1476 aetate,
1179 1425 1299 1479 quain
1329 1437 1409 1477 op—

279 1524 497 1566 portunum
527 1512 713 1565 praebeat
738 1511 880 1551 iisdem
910 1509 1036 1550 literis
1058 1508 1405 1560 commodumque

279 1596 378 1636 haec
417 1595 544 1648 patria
583 1594 832 1647 hospitium,
878 1593 1054 1633 breviter
1089 1604 1195 1632 nunc
1221 1602 1404 1643 expona-

281 1690 383 1718 mus.
453 1676 537 1717 Etfi
579 1678 685 1717 enim
722 1676 838 1725 illas,
884 1688 981 1728 quas
1017 1675 1133 1727 supra
1165 1672 1405 1715 memoravi·

283 1772 399 1808 mus,
442 1758 654 1813 Belgarum
693 1760 889 1808 virtutes,
934 1770 984 1797 ne
1023 1757 1272 1799 Francorum
1312 1755 1405 1808 qui·

283 1841 481 1884 demant
538 1842 708 1894 imperio
763 1840 1065 1890 crudelisfimo‚
1117 1849 1184 1880 aut
1226 1837 1409 1879 moribus

282 1923 569 1977 spurcissimis,
624 1923 801 1977 potuisse
861 1922 985 1965 deleri
1044 1922 1316 1975 comperimus
1369 1929 1411 1959 et

1295 2001 1409 2044 obli-

327 2106 386 2153 ζ’)
407 2109 565 2143 Videatur
592 2110 759 2144 VENEMAE
789 2111 931 2153 elogium
943 2135 959 2157 ,b
987 2108 1078 2152 quod
1106 2107 1321 2151 conscripsit,
1352 2106 1408 2141 ali-

283 2186 365 2221 quot
387 2178 502 2213 abhinc
525 2180 612 2212 annis
628 2203 638 2219 ,
660 2180 690 2226 J.
719 2180 899 2216 Bmunznus
915 2205 927 2223 ,
950 2179 1010 2215 Vir
1038 2178 1254 2214 doctissimus.
1301 2209 1304 2211 Α
