1513 2734
607 139 834 200 (τε)

139 294 203 326 m.
231 307 268 318 --
296 278 410 324 Haec
452 283 512 323 vis
543 274 780 341 'composita
820 281 1032 337 quomodo
1077 284 1270 326 omnibus

136 354 181 394 in
214 352 384 394 scafibus
440 363 463 392 e
515 351 670 393 viribus
710 352 1054 407 componentibus
1096 354 1267 396 inveniri

136 423 263 476 possit
304 433 374 471 et,
415 420 498 462 illa*
535 422 717 472 inventa,
774 423 984 478 quomodo
1034 424 1269 477 aequilibrii

137 492 395 551 conditiones
429 491 779 542 demonstrentur,
808 506 914 535 nunc
946 494 987 534 in
1010 492 1268 547 sequentibus

137 562 348 604 ostendere
377 563 628 604 conabimur.
660 585 696 592 —
723 554 884 605 Vitium
912 561 1157 617 compositio
1172 578 1270 606 cum

135 631 310 686 pendeat
334 643 416 672 non
444 632 569 673 modo
598 633 648 674 ab
679 645 814 673 earum
851 633 1074 674 intenfitate
1111 631 1179 673 sed
1207 633 1267 671 in-

107 748 111 751 ·
135 703 277 754 primis
296 703 416 742 etiam
444 714 466 742 a
492 703 693 753 positione
713 691 879 743 relativa
908 715 1044 744 earum
1072 703 1268 744 directio-

135 783 231 811 num
248 802 261 822 ‚
291 770 409 811 talem
439 770 622 812 ordinem
661 771 898 825 sequemur,
944 771 1075 826 qualis
1102 784 1153 813 ex
1182 773 1267 814 hoc

134 841 271 883 indice
298 840 555 896 intelligitur.

277 976 611 1025 INDEX
665 979 1124 1024 CAPITUM.

136 1119 351 1163 SECTIO
395 1121 597 1163 PRIMA.
640 1121 711 1163 De
742 1120 1036 1175 Compofitione
1072 1122 1264 1172 virium,

192 1203 380 1245 quarum
420 1191 671 1233 directiones
701 1192 747 1232 in
781 1190 917 1232 eodem
943 1193 1077 1246 plano
1105 1191 1268 1247 positae

181 1257 311 1314 sunt,
341 1270 382 1302 et
408 1261 458 1302 de
484 1257 638 1303 earum
665 1260 920 1315 aequilibris·
947 1261 1266 1304 conditionibus.

131 1400 290 1444 CAPUT
315 1401 513 1444 Panium.
543 1401 615 1444 De
653 1399 950 1456 Compositione
989 1411 1030 1443 et
1070 1401 1270 1457 Aequili-

191 1473 285 1515 brio
325 1473 512 1514 duarum
552 1474 713 1515 :virium
764 1484 1005 1527 quocunque
1057 1471 1171 1512 modo
1221 1472 1269 1513 in

191 1551 340 1598 corpus
360 1541 447 1598 five
473 1543 520 1584 in
539 1549 748 1598 punctum
778 1541 956 1596 aliquod
990 1542 1225 1597 agentium.

134 1680 290 1744 CAPJJT
319 1681 577 1726 sEcuNnuM.
606 1681 677 1723 De
711 1678 1002 1735 Compofitione
1039 1690 1082 1722 et
1105 1680 1267 1736 Aequi-

189 1753 322 1795 librio
345 1753 666 1808 quamplurium
693 1750 853 1792 virium
869 1781 882 1801 ,
914 1763 1156 1807 quocunque
1183 1764 1266 1792 mo-

190 1823 241 1866 do
269 1824 315 1866 in
338 1831 486 1878 corpus
511 1822 721 1878 quoddam
745 1820 979 1875 agentium.

134 1959 349 2004 SECTIO
378 1961 634 2004 ALTERA.
664 1959 734 2001 De
765 1958 1058 2014 C07npofitione
1078 1960 1263 2010 virium,

192 2044 377 2089 quarum
419 2032 668 2074 directiones
698 2039 907 2084 utcunque
937 2030 982 2070 in
1005 2027 1151 2084 spatio
1180 2029 1267 2071 dis-

184 2099 344 2155 pofitae
364 2097 495 2154 sunt,
526 2112 567 2144 et
595 2101 646 2143 de
683 2111 835 2142 earum
877 2099 1130 2154 aequilibrii
1171 2112 1266 2142 con·

191 2170 435 2213 ditionibus.

164 2228 180 2236 '⁵
218 2232 222 2234 Ἴ
1179 2238 1267 2281 CA-
