1513 2734
757 117 793 184 ,ς
851 129 926 172 128
986 115 1012 179 3

381 263 495 319 lent,
526 275 627 320 quae
652 265 712 306 ibi
739 264 873 304 valere
897 264 1089 305 diximus:
1121 264 1277 308 seilicet
1297 265 1383 321 §115⁴

381 337 593 393 jurandum
620 335 795 376 debitori
821 334 1033 387 principali
1074 336 1248 377 delatum
1285 349 1383 390 pro-

384 407 495 448 desse
539 407 624 460 ejus
666 404 996 459 fidejussoribus,
1040 416 1081 444 et
1121 407 1209 447 vice
1244 406 1382 453 versat,

383 487 504 530 atque
524 475 797 531 J‘usjurandum
828 474 897 514 uni
926 486 976 515 ex
1004 473 1258 515 debitoribus
1289 475 1384 516 soli.-

383 546 503 586 dariis
554 545 729 587 delatum
791 542 958 596 reliquis
1007 546 1127 584 etiam
1178 544 1383 597 prodesse.

382 615 542 657 Contra
570 628 667 656 vero
691 613 966 669 jusjurandum
992 615 1060 654 uni
1104 628 1154 655 ex
1184 614 1384 656 solidariis

382 686 654 728 creditoribus
683 684 858 726 delatum
889 685 1034 723 ceteris
1070 697 1152 724 non
1189 682 1385 738 prodest;

382 757 465 812 quai
492 757 533 796 in
559 767 603 796 re
632 755 757 809 igitur
780 755 972 807 exceptio
998 767 1019 793 a
1044 752 1181 808 regulzi
1208 754 1386 809 generali

383 829 578 881 ponitur,
622 826 737 879 cujus
787 825 1042 877 exceptionis
1080 824 1276 864 rationem
1318 836 1387 864 ex·

385 896 533 950 plicuit
576 894 703 935 Cons.
746 891 1268 946 Mouricault(1)‚
1314 893 1386 933 do·

385 978 510 1014 cem,
554 959 629 1005 h'zic
668 965 708 1004 in
746 976 788 1003 re
827 963 1082 1018 legislatores
1118 964 1281 1016 quidem
1309 963 1403 1003 dis»

384 1035 563 1076 sentiisse
605 1047 627 1073 a
667 1033 733 1074 Cl.
769 1032 1015 1074 Pothier
1054 1031 1163 1086 (2),
1209 1033 1251 1074 id
1290 1045 1389 1073 vero

384 1104 609 1160 legitimam
636 1105 718 1144 esse
750 1102 1079 1155 consequentiam
1119 1103 1234 1157 ejus,
1277 1101 1389 1156 quod

385 1177 560 1230 pofitum
598 1175 821 1215 invenimus
865 1174 954 1213 Art.
991 1174 1126 1227 1198,
1169 1173 1239 1213 ubi
1265 1173 1390 1214 doce-

388 1259 506 1295 mur,
537 1243 811 1287 remisfionem
842 1242 995 1293 debiti,
1025 1243 1075 1282 ab
1101 1255 1184 1282 uno
1213 1254 1263 1284 ex
1294 1242 1391 1282 soli-

390 1315 509 1357 dariis
535 1313 806 1356 creditoribus
822 1313 968 1354 factam
987 1342 1000 1360 ‚
1032 1312 1258 1354 debitorem
1276 1326 1390 1354 com·

387 1398 555 1427 munem
596 1397 679 1425 non
719 1383 889 1424 liberare
933 1384 1086 1423 ratione
1125 1382 1390 1436 reliquorum.

389 1454 423 1496 P
441 1468 466 1498 o
481 1466 496 1494 t
513 1455 635 1494 hier
652 1455 690 1492 ii
715 1463 847 1493 autem
870 1452 1063 1493 senten-tia
1092 1452 1271 1494 firmatur
1296 1465 1390 1493 auc-

395 1522 734 1577 toritate'legum
774 1521 1049 1564 Romanarum
1087 1520 1181 1576 (3).
1260 1522 1392 1563 Porro

392 1607 559 1648 quoque
578 1593 702 1648 jurari
729 1592 850 1633 debet
877 1593 926 1634 de
956 1593 1094 1633 effidem
1122 1606 1188 1640 re,
1235 1591 1283 1633 de
1314 1593 1394 1646 qu&

392 1666 551 1720 agitur:
594 1663 775 1715 alioquin
814 1663 920 1703 enim
955 1663 1243 1715 praesumtioni
1274 1663 1395 1717 juris-

390 1734 548 1791 jurandi
590 1732 775 1774 decisorii
828 1732 946 1773 locus
987 1733 1070 1772 esse
1112 1733 1252 1786 nequit
1296 1730 1393 1785 (4).

393 1805 452 1847 Et
479 1804 548 1846 hic
578 1805 698 1844 etiam
725 1803 888 1845 eaedem
915 1803 1048 1845 valent
1074 1803 1259 1858 regulae,
1292 1815 1391 1856 quas

1333 1872 1395 1914 su·

440 1988 503 2035 (1)
527 1987 664 2032 Mmffi,
688 1988 764 2022 Vol.
792 1989 832 2023 V.
856 1998 928 2032 pag.
958 1997 1035 2032 247.

439 2045 504 2091 (α)
530 2046 588 2089 Op.
615 2045 703 2079 laud.
729 2049 774 2079 η’).
797 2055 874 2088 917·

438 2099 502 2146 (3)
525 2101 600 2135 Vid.
629 2102 651 2135 1.
679 2111 720 2145 27
751 2110 785 2134 et
808 2104 863 2135 2⁰.
882 2100 924 2144 ffi
952 2101 989 2134 de
1004 2099 1148 2144 Jurejza.

443 2156 506 2202 (4)
530 2157 606 2192 Vid.
629 2158 654 2192 1.
683 2168 734 2194 11.
753 2156 794 2202 ffl
817 2159 855 2192 de
874 2157 1022 2201 ,Im-esur.
