1513 2734
532 138 786 193 (253)

157 277 252 319 casu
283 267 521 324 concurrit,
566 276 744 329 generali
782 287 912 317 autem
954 274 1156 329 praesum-

162 347 265 387 tioni
295 345 538 399 praesumtio
570 344 754 397 specialis
791 357 1016 401 repugnat,
1061 356 1156 386 tunc

158 417 307 458 dicitur
332 414 467 455 adesse
496 414 837 467 praesumtionum
868 417 1041 458 collifio.
1086 415 1158 455 Sin

154 498 292 528 autem
333 486 503 539 propius
541 485 590 525 ad
626 498 709 526 rem
737 487 1004 535 accedemus,
1040 486 1161 532 >vide-

159 556 318 604 bimus,
349 556 487 596 revera
515 554 717 596 collisioni
746 557 885 598 locum
914 570 997 597 non
1024 555 1160 598 fuisse.

158 625 380 680 Nunquam
425 627 533 665 enim
571 626 652 666 dici
688 637 854 678 potest,
899 626 1162 680 praesumtio-

157 708 252 737 nem
280 695 444 744 adesse,
476 696 547 736 nifi
583 684 860 737 omnia‘fimul
890 684 1162 745 concurrant,

159 779 263 820 quae
289 765 340 808 ad
367 765 686 807 constituendam
726 767 1062 819 praesumtionem
1099 778 1162 806 re-

160 838 383 890 quirantur.
430 834 625 890 Quando
655 849 753 876 vero
782 836 1071 889 praesumtioni
1088 847 1161 890 ge-

159 906 302 948 nerali.
325 906 543 959 derogatur
575 919 649 960 per
701 905 917 960 specialem
958 906 1162 960 praesum·

163 979 342 1026 tionem,
370 989 465 1017 tunc
494 977 576 1017 dici
604 977 772 1029 nequit,
816 977 951 1017 omnia
985 988 1162 1017 concur·

162 1059 274 1096 rere,
315 1058 417 1099 quae
458 1047 508 1087 ad
550 1046 867 1095 constituendam
895 1047 1161 1100 praesumtio-

161 1129 256 1158 nem
284 1116 513 1171 generalem
540 1117 761 1158 necessaria
802 1117 887 1156 fint.
946 1115 1053 1156 Rem
1091 1127 1163 1156 ex·

163 1185 356 1240 exemplo
398 1186 659 1228 illustremus.
734 1185 944 1227 Generalis
986 1185 1164 1226 admitti-

166 1269 231 1298 tur
272 1256 548 1311 praesumtio,
595 1269 922 1311 unumquemque
967 1255 1052 1296 esse
1087 1256 1164 1296 bo·

164 1339 289 1376 num,
321 1327 452 1369 donec
480 1328 530 1369 de
555 1330 762 1370 contrario
789 1327 956 1368 constet.
1031 1326 1165 1367 Pona-

166 1410 256 1439 mus
294 1410 432 1449 nunc,
478 1399 527 1438 de
553 1398 693 1453 aliquo
721 1397 929 1445 constare,
974 1409 1065 1438 eum
1095 1396 1167 1437 de-

165 1467 311 1510 lictum
341 1468 602 1510 commifisse.
628 1493 631 1500 ι
664 1468 707 1517 Si
735 1479 878 1520 postea
907 1466 1013 1506 idem
1039 1466 1165 1507 delic-

167 1549 253 1580 tum
306 1537 379 1579 sub
427 1539 569 1579 iisdem
619 1539 704 1580 fere
760 1537 1068 1578 circumstantiis
1114 1548 1168 1578 eo

169 1606 375 1660 praesente
437 1608 698 1648 commissum
756 1619 846 1653 est,
903 1606 1169 1658 praesumitur

166 1677 374 1730 posterius
423 1675 618 1717 delictum
657 1677 707 1716 ab
746 1676 891 1717 eodem
933 1676 1017 1716 esse
1054 1689 1172 1728 pom·

169 1747 361 1796 missum,
409 1745 457 1785 de
493 1757 577 1798 quo
615 1745 697 1799 jam
736 1757 850 1785 antea
890 1745 1020 1785 sermo
1077 1745 1169 1787 fuit.

170 1815 254 1857 Hic
307 1810 432 1869 igitur
477 1814 616 1860 locum
671 1815 792 1857 habet
832 1816 1174 1869 praesumtionum

171 1885 333 1927 collifio
379 1897 429 1926 ex
461 1885 656 1925 sententia
689 1886 868 1926 virorum
908 1884 1171 1927 cruditorum.

173 1955 254 1996 Sed
279 1955 413 1995 revera
437 1967 520 1994 non
541 1955 610 1995 nisi
640 1967 716 1995 una
744 1954 812 1996 hic
843 1955 959 1996 datur
971 1955 1173 2008 praesum-

174 2027 263 2074 tio,
309 2039 401 2066 cum
429 2026 615 2078 requisita
639 2026 788 2079 prioris
831 2025 1172 2084 praesumtionis,

174 2108 378 2150 quemque
409 2097 562 2136 bonum
592 2096 699 2145 esse,
732 2096 864 2142 donec
895 2096 944 2136 de
967 2097 1172 2137 contrario

173 2166 360 2215 constat,
393 2167 432 2206 in
462 2166 581 2215 casu,
613 2166 662 2208 de
696 2179 779 2221 quo
808 2165 1040 2221 loquimur,
1087 2180 1175 2208 orn-

1110 2250 1177 2278 nia
