1513 2734
523 192 752 251 (43)

129 349 201 380 aut
231 348 396 390 parvum
429 335 583 376 tantum
623 334 761 391 legum
802 336 952 388 corpus
990 331 1137 380 exstat,

132 409 325 462 quoniam
340 408 595 461 magistratus
611 407 683 459 ipfi
706 405 973 461 jurisdicundi
999 414 1139 457 potes-

133 489 255 519 tatem
280 479 420 531 sponte
434 478 499 518 su&
516 488 705 518 exercent
723 491 732 516 :
761 490 845 530 quo
861 477 987 529 magis
1005 485 1139 514 autem

131 559 274 602 gentes
324 549 361 588 se
404 548 654 596 extendunt,
710 560 794 600 quo
839 545 1141 598 frequentiores

134 617 277 659 diverfi
304 621 462 673 generis
484 617 795 659 necesfitudines
823 617 1009 657 homines
1036 615 1143 654 inter

135 699 175 727 et
203 687 390 728 homines
417 689 631 746 oriuntur,
663 700 714 727 eo
751 688 879 742 magis
921 685 1143 726 defideran-

135 767 200 797 tur
236 756 350 810 leges
389 769 608 807 externae,
651 768 771 810 atque
816 756 965 797 multae
1004 755 1144 810 legum

136 826 366 876 formulae,
409 829 558 881 quibus
601 827 850 881 privatorum
881 827 970 880 jura
997 825 1147 866 descri-

137 897 308 946 bantur,
341 910 525 951 quaeque
552 897 655 938 adeo
675 909 758 937 non
783 895 956 950 amplius
986 909 1037 936 ex
1063 907 1147 934 ma-

136 969 572 1022 gistratuumarbitrio
601 968 776 1020 pendere
802 968 968 1020 posfint.
1029 964 1150 1006 Hanc

136 1039 178 1077 in
209 1038 343 1091 specie
372 1037 492 1079 fuisse
521 1038 731 1078 historiam
759 1036 904 1092 populi
939 1036 1150 1084 Romani,

137 1119 189 1149 ex
216 1108 303 1162 ejus
329 1109 640 1162 antiquitatibus
666 1119 788 1162 atque
816 1107 1000 1162 legibus,
1046 1115 1150 1158 quae

137 1177 188 1218 ad
210 1190 287 1218 nos
313 1190 611 1231 pervenerunt,
645 1179 736 1220 satis
774 1177 954 1226 constat,
986 1187 1150 1217 eorum-

139 1262 218 1303 que
243 1250 542 1303 magistratibus
572 1251 650 1293 five
675 1248 885 1304 judicibus
913 1249 954 1288 in
970 1246 1055 1287 dies
1068 1258 1152 1286 ma-

138 1320 201 1374 gis
229 1322 437 1374 magisque
467 1327 663 1375 potestas&
681 1318 952 1374 jurisdicundi
991 1316 1150 1358 aufere-

139 1390 285 1439 batur,
317 1401 361 1430 ut
391 1402 443 1429 eo
471 1389 650 1430 firmiora
677 1389 810 1430 essent
843 1388 983 1444 legum
1022 1387 1151 1442 serip-

141 1472 270 1502 tarum
310 1459 480 1508 statuta,
527 1473 620 1501 cum
662 1461 703 1499 in
739 1460 825 1500 dies
852 1460 979 1513 magis
1007 1458 1156 1511 magis·

142 1543 221 1584 que
276 1529 490 1570 invaluerit
539 1530 816 1583 principium,
863 1527 977 1582 quod
1016 1538 1156 1567 recen·

143 1602 240 1642 tiori
298 1599 602 1653 inprimis'hac
650 1600 788 1640 nostrai
826 1609 955 1640 aetate
996 1596 1161 1652 legisla-

142 1673 307 1712 toribus
353 1680 562 1722 tantopere
605 1675 820 1722 acceptum
861 1680 951 1716 est‚
1002 1666 1161 1708 scilicet

143 1754 194 1782 eo
219 1740 508 1795 perfectiorem
526 1739 610 1778 esse
630 1737 953 1793 legislationem,
982 1749 1069 1788 quo
1084 1737 1160 1776 mi-

143 1820 220 1852 nor
245 1823 442 1865 potestasr
450 1810 659 1866 judicibus
685 1803 934 1850 conce-datur
965 1804 1061 1861 (Ι).
1149 1800 1155 1803 ’

177 1871 188 1895 ”
203 1880 332 1937 Quod
373 1893 506 1922 autem
546 1882 586 1921 in
625 1893 771 1936 genere
814 1880 862 1920 de
903 1879 992 1934 jure
1018 1877 1156 1932 civili,
1196 1894 1230 1919 et
1259 1896 1368 1938 'prae-

145 1963 191 1994 ut
217 1964 260 1994 et
290 1952 489 1994 criminali
517 1953 722 2002 diximus,
753 1951 938 2004 inprimis
964 1949 1014 1990 de
1042 1961 1156 2002 prae·
1169 1932 1366 1983 {mummium

1171 1988 1202 2009 ln
1221 1976 1342 2021 specie.

1049 2022 1073 2061 s
1067 2033 1154 2061 um-

160 2112 172 2116 *
191 2122 255 2169 (1)
294 2124 395 2160 Conf.
434 2123 841 2167 Montesquieu,
874 2121 969 2166 Espr.
999 2121 1032 2155 cl.
1063 2122 1158 2164 Lois,

149 2179 243 2216 Libr.
276 2182 341 2216 XI.
366 2189 449 2225 ⁴cap.
469 2183 510 2216 ·‘6·.
538 2182 574 2215 »Β
588 2190 606 2214 e
623 2190 644 2213 c
658 2191 677 2214 c
692 2192 709 2214 a
724 2191 740 2214 r
755 2181 765 2213 i
779 2190 796 2212 a
810 2204 820 2218 ,
843 2189 847 2193 ·
862 2181 970 2214 Tract.
984 2190 990 2191 ’
1003 2180 1053 2213 des
1083 2179 1157 2215 ΒΝ.

147 2240 250 2278 et-des
262 2241 358 2276 Pein.
379 2241 443 2284 §4.
466 2248 500 2274 et
525 2239 552 2273 B
568 2248 586 2272 a
601 2247 619 2272 c
635 2248 657 2272 0
671 2265 683 2282 ,
705 2241 744 2275 de
754 2236 841 2284 fist.
852 2239 950 2274 Um'v.
964 2238 1092 2284 Aphor.
1102 2239 1158 2284 46.
