1513 2734
492 127 526 184 -(
589 140 666 185 133
723 127 752 184 )

117 263 243 318 igitur
285 263 377 305 casu
418 264 484 307 lex
527 267 656 322 judici
695 268 931 312 facultatem
975 269 1119 311 tribuit

112 333 392 388 jusjurandmn
417 337 562 378 viatori
588 339 822 392 deferendi,
866 353 913 383 ut
950 341 1000 382 de
1027 353 1118 396 pre-

118 403 179 443 tio
207 404 388 446 constare
418 408 543 458 posfit
573 407 667 463 (1).

174 472 220 514 In
262 476 506 518 universun1=
535 490 633 520 vero
661 481 956 524 observandum
982 483 1118 538 quoad
1153 489 1206 523 De
1217 487 1333 522 admit-

111 543 390 598 jusjurandum
415 559 437 587 a
462 547 600 601 judice
632 550 919 604 deserendum,
964 555 1038 596 hfic
1078 555 1115 594 in

1130 533 1234 568 tendo
1255 535 1314 567 vel

1131 580 1319 622 rejiciendo

113 625 157 653 re
187 614 359 656 multum
385 616 536 671 judicis
565 619 735 662 arbitrio
770 622 959 665 relictum
1001 624 1313 675 esse‚]ureiur2¹¹-

74 712 78 716 .
112 682 368 738 multumque
407 700 458 728 ex
487 700 619 730 rerum
645 692 783 735 natura
812 693 1002 736 relictum
1031 696 1118 737 esse

60 805 64 808 Α
111 751 276 795 debere.
338 755 489 798 Omnia
522 761 630 801 enim
659 761 728 803 hic
760 764 1067 817 quodammodo
1093 779 1118 807 a

84 824 420 868 'circumstantiis
460 830 653 882 pendent.
735 832 821 874 Etfi
864 837 971 876 enim
1014 850 1116 878 con-

108 906 300 945 currant,
347 910 450 950 quae
476 902 648 954 requirit
678 902 771 952 lex,
819 903 968 946 multae
1009 907 1115 949 insu-

107 976 184 1018 per
208 966 349 1008 causae
387 970 593 1021 existunt,
636 974 707 1014 ubi
732 974 1013 1029 jusjurandum
1043 978 1114 1019 de-

106 1027 244 1087 'fen-e,
274 1038 552 1090 periculosum
577 1053 699 1097 atque
728 1047 1005 1098 perniciosum
1037 1048 1111 1099 fit,

108 1117 203 1146 cum
245 1107 362 1161 ejus,
408 1109 457 1150 de
496 1125 581 1166 quo
616 1116 776 1169 agitur,
820 1118 877 1158 ita
904 1117 1115 1171 depravati

106 1184 231 1228 atque
257 1178 444 1222 dissoluti
473 1183 547 1224 fint
573 1197 737 1237 mores,
780 1199 826 1230 ut
866 1189 1113 1243 praesumtio

106 1247 287 1298 oriatur,
333 1262 427 1292 eum
468 1256 649 1297 veritatis
689 1257 844 1300 nullam
878 1259 1113 1303 habiturum

105 1316 191 1357 esse
234 1320 447 1363 rationem.
509 1322 648 1379 Quare
690 1339 774 1369 non
806 1332 929 1382 pauci
953 1331 1115 1372 exstite-

60 1438 64 1439 ⁷
105 1399 198 1428 runt
238 1390 479 1446 philosophi
520 1396 871 1450 praestantisfimi,
917 1402 1115 1454 quicum

105 1456 415 1513 diligentissimo
438 1464 540 1518 J‘uris
567 1455 700 1509 studio
728 1470 1031 1523 conjunxerunt
1045 1483 1116 1513 ex·
1181 1520 1183 1522 ,

102 1528 344 1580 perientiam
372 1545 574 1586 praxeos,
607 1539 679 1592 qui
710 1541 866 1594 optima
899 1541 970 1582 hic
999 1554 1023 1582 a
1050 1542 1115 1596 ju-

105 1595 199 1641 dice
256 1600 503 1645 observanda
561 1619 782 1662 praecepta
847 1612 1114 1662 tradiderint,

104 1680 363 1725 quorumque
404 1674 572 1718 consilia
614 1678 771 1732 semper
813 1681 863 1722 ad
905 1682 948 1723 id
986 1684 1116 1724 redie-

108 1738 219 1790 rint,
250 1752 456 1795 nunquam
487 1755 669 1797 temere,
717 1749 785 1790 sed
822 1751 863 1791 in
893 1754 1116 1795 rarioribus

94 1806 268 1855 demum
310 1814 465 1864 caufis,
507 1828 529 1855 a
557 1816 696 1871 judice
724 1820 907 1863 alterutri
934 1825 1111 1877 partium

105 1878 368 1925 deferendum
399 1884 484 1926 esse
509 1886 790 1943 jusjurandum
818 1890 913 1947 (2).

60 1941 66 1945 ”
1035 1953 1113 1995 At-

150 2025 215 2071 (1)
239 2030 316 2064 Vid.
358 2032 434 2067 Art.
474 2036 558 2078 1369
587 2037 660 2072 cod.
688 2038 776 2084 Nap.
805 2040 920 2085 ibique
964 2043 1116 2076 Male-

104 2093 126 2115 v
142 2084 152 2116 i
168 2085 178 2116 l
194 2086 203 2116 l
221 2095 253 2121 e.
299 2088 402 2124 Conf.
427 2091 482 2125 Cl.
507 2093 538 2126 V
552 2103 573 2126 ο
588 2102 607 2126 e
624 2103 636 2128 t
652 2120 663 2139 ,
687 2095 727 2129 ad
742 2097 848 2141 tit.ff.
861 2099 902 2132 de
916 2098 952 2132 In
976 2101 1030 2135 lit.
1043 2093 1115 2146 jur*⁸

106 2141 125 2184 S
151 2142 173 2176 6
189 2163 201 2168 -
219 2144 251 2178 8.

149 2196 213 2245 (2)
237 2200 313 2236 Vid.
356 2202 636 2252 TouMier,
671 2212 696 2246 Ι.
731 2212 755 2246 Ι.
795 2214 848 2247 n0.
883 2221 951 2258 399
975 2220 1010 2246 et
1036 2224 1116 2258 400.

955 2271 1115 2314 Voet,

1131 672 1176 706 do
1188 671 1332 724 ’supple-

1131 727 1232 753 torlo.
