1513 2734
723 169 750 223 (
813 172 890 223 148
950 167 986 223 >-

270 310 473 363 pressione
499 305 699 356 deducto,
727 307 882 347 nititur.
941 307 1131 349 Attamen
1162 308 1202 348 in
1231 318 1282 348 eo
1311 306 1397 348 lau·
1457 324 1461 328 -

268 380 394 420 danda
419 389 480 419 est
506 378 687 433 exposita
727 377 1042 427 demonstratio,
1087 378 1197 431 quod
1243 377 1397 418 directe
1432 399 1434 401 >

265 448 486 502 procedit,
518 447 629 500 quod
660 447 792 502 brevis
824 458 910 497 est,
942 459 982 488 et
1008 448 1205 501 primariis
1231 446 1397 505 Mathess

266 517 353 558 scos
385 516 598 561 elementis
627 515 863 558 absolvitur.

320 585 457 628 XXX.
502 585 568 626 Ad
611 586 768 629 easdem
808 586 894 627 fere
948 589 1208 641 aequationes
1257 585 1397 627 finales

270 657 559 711 perducimur,
591 655 640 696 ad
667 669 765 709 quas
796 655 836 695 in
865 656 1060 710 superiori
1093 654 1398 709 demonstratio-

268 740 318 767 ne
334 728 617 780 pervenimus,
650 726 675 765 fi
693 756 706 775 ,
740 726 788 766 ad
803 727 1110 779 compositionis
1127 727 1270 766 virium
1287 727 1398 779 prin-

263 798 417 850 cipium
446 796 818 847 demonstrandum,
873 798 1024 837 utimur
1041 796 1258 850 principio
1289 796 1397 837 velo-

263 868 446 908 citatztm
486 867 773 916 virtualium,
820 879 903 919 quo
945 867 1118 906 summus
1147 865 1395 919 Lagran-

262 949 352 990 ge,
396 939 435 976 in
478 937 565 989 ejus
607 925 948 976 excellentissimo
989 946 1112 988 opere
1140 933 1397 990 Mecam'que

261 1005 528 1059 Analytique
586 1004 677 1044 usus
717 995 803 1053 est,
848 1004 898 1045 ad
941 1017 1082 1045 omnes
1123 1005 1393 1046 Mechanices

262 1075 564 1128 propositiones
596 1074 931 1115 demonstrandas.
963 1076 1008 1104 —'—
1041 1073 1099 1114 Ut
1121 1085 1253 1114 autem
1281 1087 1396 1116 mon-

263 1145 428 1185 stremus
459 1143 629 1197 quzinam
666 1143 777 1184 facili
820 1144 1075 1199 elegantique
1103 1145 1287 1193 ratione,
1316 1157 1397 1197 ope

263 1214 381 1268 hujus
409 1214 628 1266 principii,
660 1213 709 1254 ad
739 1216 1079 1267 compositionem
1108 1214 1272 1255 duarum
1300 1216 1396 1255 viri-

262 1297 329 1324 um
361 1285 666 1337 perveniamus,
701 1297 804 1336 opus
835 1296 924 1335 est,
955 1285 1131 1325 breviter
1146 1297 1395 1338 exponamus

262 1366 457 1406 quaenam
488 1354 533 1394 fit
563 1353 670 1393 illius
702 1353 887 1395 indoles:
921 1367 1047 1408 caque
1075 1354 1277 1408 cxp'ositio
1318 1367 1394 1396 no-

263 1424 326 1464 bis
354 1426 394 1464 in
425 1425 682 1477 sequentibus
713 1423 824 1464 utilis
851 1426 940 1464 erit.

318 1492 474 1534 XXXI.
508 1493 551 1533 Si
589 1495 693 1533 vires
738 1495 961 1546 quaedam,
1006 1492 1068 1542 P,
1099 1492 1146 1533 P‘
1190 1481 1395 1543 caet.,⁴in

263 1563 558 1604 directionibus
613 1562 715 1611 ΑΡ,
768 1562 872 1601 ss‘P‘
930 1574 1031 1605 caet.
1050 1594 1062 1612 ,
1126 1564 1243 1618 (Fig.
1303 1563 1394 1619 15.)

260 1634 303 1673 in
333 1634 474 1674 eodem
498 1633 621 1685 plano
644 1645 711 1675 aut
750 1645 955 1687 utcunque
985 1636 1025 1673 in
1056 1635 1184 1686 spatio
1223 1636 1398 1687 positis,

259 1715 453 1757 agentes,
488 1703 656 1754 systema
688 1705 890 1757 quoddam
921 1717 1142 1756 corporum
1171 1703 1234 1744 seu
1263 1717 1394 1758 punc-

260 1784 393 1813 torum
431 1770 490 1824 P,
521 1771 566 1811 P'
609 1786 740 1822 caet„
788 1787 902 1816 certo
930 1774 1236 1827 invariabilique
1265 1775 1390 1816 modo

260 1844 604 1897 conjunctorum,
639 1858 801 1886 movere
829 1856 1055 1893 conantur,
1087 1857 1212 1896 caque
1241 1856 1393 1897 puncta

260 1924 448 1967 tempore
491 1913 643 1954 infinite
684 1928 809 1967 parvo
837 1916 925 1965 tlt,
972 1915 1106 1956 ferunt
1148 1928 1222 1967 per
1268 1915 1393 1969 spatia

256 1985 402 2037 exigua
421 1980 529 2032 Pa,
561 1981 676 2024 P‘a'
704 1998 834 2036 caet.,
869 1986 1045 2026 demissis
1088 1986 1392 2039 perpendiculis

254 2062 348 2107 ap,
385 2051 497 2107 cz'p'
525 2066 659 2106 caet.,
690 2069 806 2098 erunt
826 2056 929 2110 pP,
954 2053 1048 2109 pP'
1090 2069 1191 2098 caet.
1236 2056 1389 2110 spatia,

254 2135 355 2176 quae
379 2136 400 2163 a
430 2125 704 2176 corporibus,
737 2128 777 2167 in
808 2127 1102 2168 directionibus
1120 2128 1292 2177 virium,
1324 2129 1390 2169 seu
1437 2160 1438 2163 η

247 2193 386 2246 potius
428 2195 581 2234 ratione
616 2197 762 2238 virium
806 2197 1108 2248 directionum,
1148 2193 1389 2251 percurrun-

1313 2280 1388 2308 tur.
