1513 2734
771 125 1028 182 (226)

396 267 502 309 sunt.
524 284 525 287 ¹
559 265 654 321 Jure
680 263 873 306 Romano
899 263 1094 305 sancitum
1111 295 1124 314 ‚
1155 274 1199 307 ut
1227 265 1317 319 ipso
1330 266 1396 321 J‘u·

396 348 443 377 re
479 333 610 376 essent
644 333 781 386 nulla,
809 332 999 385 adeoque
1021 333 1131 375 nulla
1168 335 1393 390 appellatio

396 407 671 459 requireretur
701 401 795 458 (1).
836 402 1003 444 Dicitur
1039 405 1172 444 enim:
1215 433 1245 459 ‚,
1275 406 1302 447 fi
1324 419 1395 447 ex·

394 505 425 531 ‚,
455 477 621 530 pressim
663 474 856 516 sententia
895 484 1037 514 contra
1074 474 1175 528 juris
1214 476 1394 531 rigorem

393 575 425 601 a,
457 547 549 588 data
575 545 721 595 fuerit,
750 542 884 584 valere
914 555 996 584 non
1027 542 1176 594 debet,
1221 556 1263 586 et
1298 545 1394 587 ideo

394 646 425 670 „
451 628 495 657 et
522 618 600 659 fine
625 614 901 669 appellatione
928 614 1044 655 causa
1085 614 1216 656 denuo
1254 616 1393 656 induci

390 717 422 741 a,
452 685 618 741 potestff'
649 683 744 738 (2).
801 684 897 738 Jure
926 685 1272 737 vereantiquiori
1293 685 1393 726 Gal-

386 758 476 800 lico
504 756 581 798 alia
608 754 909 808 recipiebantur
935 755 1151 807 principia.
1211 752 1318 795 Nam
1341 767 1392 796 ex

387 839 523 869 mente
564 825 664 868 dicti
712 825 842 866 statuti
881 825 984 878 regii
1028 821 1108 877 (3)
1150 823 1275 865 docet
1317 824 1403 867 Cl.=

385 894 635 940 Pothier
664 892 745 948 (4)
763 924 777 944 ‚
807 906 891 935 non
919 894 1001 936 dari
1015 894 1213 948 judicium
1231 924 1245 943 ‚
1277 894 1389 947 quod

383 965 476 1020 ipso
502 966 589 1020 jure
618 964 773 1006 nullum
802 966 878 1014 fit,
921 965 991 1005 nifi
1024 963 1136 1018 quod
1167 964 1318 1006 feratur
1345 966 1386 1005 in

382 1037 510 1078 caufis
539 1037 770 1076 memoratis
789 1032 898 1088 (5).
959 1021 1154 1088 Denique
1177 1035 1265 1088 jure
1287 1032 1388 1076 Gal,

380 1105 470 1148 lico
486 1106 734 1152 recentiori,
765 1105 949 1158 adeoque
964 1104 1052 1158 jure
1067 1114 1232 1154 nostro,
1263 1115 1387 1159 gene.-

379 1166 519 1218 raliter
543 1187 754 1229 receptum
778 1174 939 1216 videtur
950 1175 1226 1229 principium:
1263 1173 1386 1216 Voies

378 1247 430 1287 de
459 1244 617 1288 nullitd
639 1245 754 1287 n'ont
770 1245 896 1299 point
919 1243 968 1285 de
999 1243 1116 1286 lieu:
1148 1257 1272 1299 quare
1303 1257 1385 1298 ope

376 1316 694 1370 appellationis,
737 1328 779 1357 et
808 1313 976 1369 quidem
1002 1315 1052 1355 ad
1078 1314 1247 1356 Curiam
1277 1315 1379 1357 Cas-
1412 1370 1414 1373 v

375 1387 567 1435 sationis,
598 1399 700 1440 quae
728 1397 928 1434 vocatur,
959 1395 1001 1425 et
1029 1397 1131 1439 quae
1159 1384 1378 1440 peculiari-

374 1469 438 1498 ter
479 1458 597 1510 hujus
637 1458 694 1496 rei
738 1455 852 1496 causa
882 1455 1059 1496 instituta
1092 1467 1180 1504 est,
1226 1456 1378 1496 horum

370 1526 620 1582 judiciorum
648 1523 830 1564 reseisfio
852 1523 1027 1576 petenda
1054 1535 1145 1574 est,
1177 1524 1271 1565 dum
1297 1526 1378 1566 fine

373 1597 451 1637 hac
477 1594 752 1649 appellatione
783 1595 954 1634 omnino
990 1594 1073 1633 vim
1114 1595 1173 1633 rei
1216 1593 1376 1648 judica-

376 1678 438 1707 tae
478 1665 627 1706 habent
668 1664 885 1705 sententiae
914 1673 1055 1706 contra
1085 1661 1191 1719 legis
1217 1674 1375 1706 textum

376 1737 479 1778 latae
501 1733 598 1787 (6).

1217 1791 1243 1846 S
1274 1790 1372 1833 XII.

417 1859 482 1906 (ι)
506 1859 584 1894 Vid.
600 1861 623 1895 l.
650 1870 703 1903 19.
722 1859 762 1904 ffi
786 1860 825 1893 de
847 1858 967 1903 Appell.
994 1866 1027 1892 et
1041 1859 1140 1893 relat.

416 1915 480 1962 (2)
504 1916 580 1951 Vid.
610 1917 706 1949 etiam
734 1916 757 1950 l.
789 1925 819 1950 1.
847 1915 918 1950 Cod.
944 1916 983 1949 de
1019 1915 1111 1949 Sent.
1151 1922 1185 1950 et
1226 1915 1369 1950 interloc.

371 1986 451 2009 omn.
472 1974 548 2017 jud.

416 2029 480 2076 (3)
504 2031 571 2065 Tit.
595 2030 648 2065 26.

416 2088 481 2134 (4)
505 2090 528 2122 l.
550 2089 579 2122 l.
595 2087 650 2121 11⁰.
674 2088 739 2121 880
758 2094 793 2119 et
812 2086 890 2130 884.

417 2145 481 2190 (5)
507 2147 575 2179 Tit.
592 2145 650 2180 26.
669 2144 741 2178 Art.
764 2152 811 2177 1
827 2152 859 2184 3.

416 2201 480 2248 (6)
502 2200 578 2237 Vid.
602 2199 727 2234 L01s
736 2199 806 2241 el
827 2196 904 2242 Jnst.
927 2199 1072 2235 Centum.
1093 2197 1187 2234 Libr.
1210 2198 1252 2234 V.
1267 2198 1319 2231 tit.
1334 2209 1366 2233 0.

1284 2263 1357 2297 reg
