1513 2734
725 124 945 185 (14)

253 278 294 309 et
321 267 441 309 focis.
502 266 557 307 Et
585 266 696 318 prius
725 263 835 313 sane,
866 264 1005 304 dirutis
1030 251 1274 317 {iggeribus,
1304 277 1374 318 pa-

250 351 412 394 ludibus
455 349 615 390 reddere
658 348 784 399 patria
826 359 946 395 arva,
992 359 1108 400 quam
1154 341 1373 398 Hispaniae

250 445 291 474 et
320 431 576 473 Hieram-hiae
603 431 704 483 jugo
731 430 874 470 iterum
903 428 1010 472 colla
1054 429 1284 470 submittere
1313 431 1372 470 in-

249 514 475 555 stituissent.
535 512 613 552 Sed
640 512 797 552 tandem
827 523 867 552 et
897 512 1041 553 Gentis
1072 524 1111 552 et
1139 512 1373 567 Religionis

248 596 362 638 causa
406 595 678 648 triumphavit.
767 594 832 635 Ex
871 595 1143 636 ardentissimo
1185 572 1371 648 pratelio3

246 680 473 721 occisorum
503 678 746 730 myriadibus
781 689 951 727 notato,
998 677 1100 718 Pace
1129 677 1371 718 Monasteri-

245 762 323 804 ensi
361 762 606 814 triumphum
651 761 735 814 egit
778 759 937 807 Patria,
984 771 1023 798 et
1061 761 1209 801 victrix
1250 759 1370 801 evafit

244 844 550 887 Protestantium
573 827 620 884 ¹in
650 842 796 897 Belgio
824 853 965 883 nostro
997 841 1126 883 causa.

298 1177 375 1219 Per
415 1188 573 1217 omnem
612 1173 695 1214 fere
738 1173 947 1213 historiam
992 1171 1191 1225 percurrit
1233 1171 1368 1211 oratio

241 1272 404 1309 nostra,
448 1270 491 1300 ut
532 1257 739 1298 hominum
780 1256 1041 1310 gentiumque
1080 1253 1296 1294 discrimen
1326 1253 1368 1296 in

243 1342 449 1384 Ecclesiae
475 1340 564 1381 fatis
593 1339 908 1380 observaremus.
971 1337 1124 1379 Gentes
1151 1347 1282 1376 autem
1305 1336 1369 1388 ip-

243 1426 305 1467 sae
331 1438 461 1466 reruni
486 1422 744 1477 politicarum
775 1422 1036 1470 conditione,
1081 1431 1122 1460 et
1161 1419 1366 1474 regiminis

241 1508 372 1549 formfl
400 1519 591 1562 perquam
619 1505 707 1546 sunt
735 1504 934 1554 diversae:
981 1515 1020 1544 et
1059 1502 1280 1558 jucundum
1308 1512 1368 1542 est

244 1591 481 1639 observare,
525 1599 774 1642 quantopere
814 1587 894 1628 hoc
935 1587 1053 1626 etiam
1088 1586 1302 1628 discrimen
1328 1585 1368 1625 in

239 1673 419 1729 politice}
447 1670 657 1726 Ecclestae
687 1670 917 1712 conditione
944 1670 1137 1710 obtineat.

303 1838 390 1891 Ipse
432 1838 591 1891 quidem
630 1839 787 1879 divinus
828 1836 1061 1892 Religionis
1089 1847 1260 1884 auctor,
1302 1831 1368 1887 Je-

246 1922 339 1971 suS‚
380 1920 608 1974 Ecclesiam
655 1921 782 1975 (quae
823 1920 998 1974 politico
1042 1918 1152 1959 sensu
1193 1913 1368 1967 dicitur)

245 2016 328 2050 non
357 2003 580 2045 condidisse
600 2003 768 2044 videtur.
829 2003 997 2045 Scilicet
1038 2000 1121 2043 Dei
1150 1999 1280 2041 Filius
1307 1998 1370 2039 di-

247 2087 350 2127 vina
394 2088 433 2126 in
455 2087 586 2126 ¹hisce
614 2088 727 2127 terris
753 2088 922 2141 peregit.
993 2083 1256 2139 Religionem
1297 2081 1369 2123 do-

247 2169 333 2212 cuit
387 2168 590 2219 divinam3
635 2169 820 2211 homines
859 2169 908 2210 ad
950 2168 1129 2210 amissam
1162 2165 1374 2209 revocavit*

1308 2248 1365 2290 fe-
