1513 2734
540 136 777 193 (τε)

77 276 443 333 inintelligentiam
471 277 634 332 quidem
664 278 812 322 cadere
834 279 987 333 posfitz,
1020 279 1200 335 denique
1217 311 1237 333 ,

73 374 168 403 cum
199 360 510 416 Categoriarum
540 361 675 405 nullus
707 362 798 404 usus
830 363 904 412 fit,
935 364 1006 404 nifi
1043 378 1138 405 curn
1169 365 1239 406 his

72 445 214 488 formis
239 435 550 499 conjunctarum
567 475 580 495 ‚
612 457 734 500 atque
762 446 873 487 ideae
890 447 1062 487 rationis
1080 446 1231 488 solum-

69 527 195 569 modo
233 527 451 569 inserviant
482 528 615 569 ordini
644 529 803 571 cuidam
848 540 890 571 et
929 529 1099 584 regulae
1130 543 1237 572 con-

66 609 287 652 stituendae
313 612 354 651 in
381 612 701 665 phaenomenis,
734 612 913 666 sequitur
931 642 946 663 ,
986 613 1045 653 itta
1081 614 1235 656 mirum

67 693 110 733 in
139 692 336 742 modum,
365 693 416 734 ad
456 695 689 748 exemplum
723 695 951 746 Arcefilae,
980 696 1237 743 constrictos

63 774 153 816 esse
197 774 300 816 fines
330 776 623 830 intelligentiae
666 776 892 826 humanae,
937 780 1115 832 utquid
1155 793 1233 820 ve-

64 870 155 899 rum
191 858 266 908 fit,
311 858 362 898 ab
404 858 570 899 homine
609 861 811 913 cognosci
850 872 1055 912 nequeat,
1100 874 1152 901 ne
1181 861 1236 903 jd.

65 940 198 994 ipsum
235 941 428 994 quidem,
474 953 608 983 utrum
669 941 737 983 hic
789 940 1027 984 Idealismus
1072 943 1232 987 Trans-

68 1023 368 1073 scendentalis‚
398 1024 454 1065 ad·
477 1036 600 1077 quem
629 1024 954 1068 constituendum
977 1037 1122 1068 auctor
1156 1030 1231 1082 ip-

67 1104 133 1145 sos
176 1106 253 1146 hos
292 1105 393 1147 fines
429 1105 560 1147 libere
616 1106 834 1158 transiliit,
888 1120 1008 1150 verus
1043 1111 1090 1152 fit
1138 1123 1230 1153 nest:

65 1198 132 1228 ne.

121 1267 422 1326 Psychologiae
444 1271 571 1327 igitur
597 1270 727 1313 fontis
754 1275 974 1315 auctoritas
1013 1275 1055 1316 in
1098 1273 1230 1317 dubi--

67 1363 135 1394 um
164 1355 303 1395 vocari
347 1356 503 1408 nequit.
564 1354 621 1396 At
664 1369 794 1407 vero,
837 1358 892 1398 ita
926 1357 1096 1399 fortasse
1120 1358 1232 1411 Psy--

62 1435 252 1491 chologo
307 1439 537 1479 occurritur
590 1452 612 1480 a
652 1438 852 1492 Phyfico:
912 1470 941 1494 ‚,
971 1440 1090 1497 Quae
1142 1455 1233 1484 nos

26 1568 27 1575 ἵ
61 1547 93 1572 ,,
122 1518 283 1572 Phy-fici
328 1522 594 1574 inquit-imus,
638 1535 683 1563 ea
711 1523 834 1564 nobis
861 1523 1074 1578 perspicua
1103 1525 1195 1566 sunt
1219 1539 1230 1564 :

60 1629 95 1655 „³
121 1602 398 1655 adspiciuntur
422 1617 625 1657 corpor-a,
668 1617 916 1661 tanguntur,
947 1620 1091 1649 eorum
1121 1621 1232 1662 pro-

60 1713 92 1738 „
122 1685 343 1738 prietates,
395 1688 712 1741 magnitudinem
731 1719 744 1738 ‚
790 1691 1032 1741 intervalla,
1089 1692 1197 1732 actio
1215 1714 1232 1722 -

61 1794 96 1820 „
120 1780 191 1808 nes
208 1798 222 1818 ‚
254 1771 530 1819 mutationes,
576 1782 687 1812 certa
714 1783 756 1812 et
779 1772 998 1827 perspecta
1033 1776 1229 1823 ratione,

62 1877 92 1903 „
120 1851 302 1893 adhibita
342 1854 533 1906 inprimis..
563 1853 768 1905 Mathefi‚
815 1857 1063 1912 investigare
1098 1868 1229 1910 atq‘ue

25 1961 30 1974 ,
62 1960 93 1984 „
122 1934 310 1989 detegere
354 1936 596 1988 possumus,
641 1949 762 1991 atque
796 1939 938 1980 multis
980 1941 1064 1994 jam
1097 1941 1229 1993 pani-

61 2042 92 2067 „
122 2016 198 2056 bus
226 2017 463 2060 deteximus,
539 2018 653 2075 Quid
679 2033 812 2063 autem
845 2034 893 2063 tu
919 2022 1227 2078 Psychologe?

61 2123 96 2150 „
121 2098 323 2149 Animus,
375 2111 464 2142 tuae
525 2102 736 2146 doetrinae
787 2106 1075 2160 principium,
1138 2107 1219 2149 tibi

60 2205 93 2236 2,
118 2182 289 2236 prorsus.
325 2193 395 2228 est.
423 2185 672 2241 incognitus.
762 2186 834 2231 Ne
880 2201 976 2232 eum
1017 2191 1223 2244 attingere

1068 2301 1098 2331 ῃ
1126 2274 1221 2330 qui-
