1513 2734
681 137 952 194 ·(2÷)

351 290 401 320 ex
431 278 629 318 solutione
659 276 942 329 praesumitur,
973 276 1154 318 debitum
1176 276 1343 333 aliquod

350 348 470 390 fuisse
497 346 591 397 (π’).
651 347 787 398 Atque
816 343 871 386 hi'
902 346 989 386 sunt
1019 349 1224 401 praecipui
1255 361 1343 388 mo-

351 419 422 465 di,
455 417 603 470 quibus
635 416 949 468 praesumtiones
991 418 1182 458 denotant
1221 418 1343 471 legis-

352 488 502 529 latores
544 487 722 528 Gallici:
767 487 792 526 fi
831 485 898 527 alii
940 488 1106 525 minoris
1148 489 1345 527 momenti

355 568 601 606 occurrent,
645 557 694 597 de
734 557 784 597 iis
823 558 863 597 in
904 556 1164 609 sequentibus
1204 559 1345 610 pasfim

287 658 288 667 ,
351 628 621 669 monebimus.

168 699 221 731 De
245 700 313 752 auffs
414 698 543 740 Simul
570 710 669 738 vero
699 697 767 739 hic
797 697 1087 739 observandum
1114 700 1245 746 venit,
1276 711 1348 738 vo-

139 745 309 834 {2332}
358 769 513 810 cabulis
540 768 622 810 illis
641 800 653 818 ‚
686 782 786 822 quae
809 769 1018 821 hucusque
1047 769 1318 810 recensuimus
1335 798 1349 817 ,

144 835 440 913 ἕὲζζῗοῖὲὲἰῇῑ-ηοη
480 842 635 893 semper
664 839 980 892 praesumtiones
1017 838 1212 887 indicari,
1241 845 1350 879 'cum

146 923 230 956 bus:
359 910 582 962 saepissime
635 911 754 950 etiam
803 922 825 950 a
880 908 1184 962 legislatoribus
1225 907 1352 963 longe

172 980 253 1025 Jure
275 981 347 1016 Ro-
358 981 440 1021 alio
457 979 851 1036 sensussusurpentur.
913 978 982 1020 Sic
999 978 1176 1020 Romani
1193 978 1264 1032 ipfi
1279 981 1352 1019 vb-

150 1033 256 1060 mano.
358 1050 509 1093 cabulo
545 1049 854 1104 praesumtionis
882 1049 999 1091 aliam
1028 1050 1110 1090 vim
1141 1050 1352 1097 tribuunt,

361 1135 481 1175 quam
520 1121 569 1161 de
608 1134 687 1174 qua
718 1119 789 1161 hic
821 1119 951 1161 sermo
985 1131 1072 1169 est,
1118 1120 1158 1159 in
1188 1118 1353 1168 multis,

359 1204 462 1245 quae
502 1192 542 1232 in
593 1204 769 1246 corpore
802 1191 909 1245 juris
958 1189 1143 1239 exstant,'
1178 1189 1354 1244 legibus.

360 1261 577 1316 Hujusque
618 1263 675 1301 rei
716 1261 833 1314 plura
862 1259 992 1302 afferri
1022 1260 1190 1314 possunt
1219 1271 1355 1300 exem-

360 1332 444 1387 pla.
520 1333 587 1374 Sic
631 1346 670 1372 v.
713 1345 774 1387 gr.
813 1333 1023 1385 inprimis,
1065 1345 1088 1371 a
1127 1330 1354 1384 Justiniano

359 1404 529 1445 verbum
558 1402 866 1455 praesumtionis
890 1403 1090 1455 accipitur
1116 1415 1192 1455 pro
1219 1401 1356 1443 cluda-

363 1475 432 1515 cia
471 1473 625 1525 aliquid
666 1484 806 1512 contra
836 1472 938 1527 Iegis
969 1472 1258 1525 praescriptum
1289 1471 1355 1511 vel

355 1535 509 1599 judicis
561 1543 744 1582 ordinem
795 1542 859 1582 vel
901 1542 983 1583 alio
1036 1541 1186 1582 illicito
1229 1541 1356 1583 modo
1412 1562 1424 1567 ⁸

361 1614 532 1669 agendi,
564 1615 621 1653 uti
648 1613 688 1651 in
715 1611 998 1663 sequentibus:
1030 1641 1058 1663 ,‚
1088 1624 1138 1651 ne
1162 1613 1252 1664 quis
1269 1624 1357 1652 cre-

362 1714 392 1738 „
423 1685 528 1724 ditor
545 1683 668 1724 filium
688 1682 885 1722 debitoris
912 1695 989 1735 pro
1017 1682 1157 1722 debito
1185 1682 1358 1722 retinere

360 1785 393 1819 X„
417 1754 701 1810 praesumas'
734 1752 844 1806 (2);
877 1773 978 1805 —·„
1007 1765 1098 1793 eum
1127 1765 1250 1801 vero,
1287 1754 1357 1806 qui

365 1856 394 1879 „
425 1839 583 1879 praeter
605 1826 703 1866 haec
724 1820 1036 1878 praesumserit
1059 1835 1177 1877 agere
1205 1821 1360 1876 aliquid
1411 1825 1426 1837 ²

364 1925 394 1950 „
424 1897 750 1951 praedictorum,
795 1894 907 1936 etc.”
946 1892 1058 1949 (3);
1099 1917 1135 1927 ·-
1173 1923 1203 1947 „
1247 1894 1359 1942 hoc,

1187 1993 1215 2017 „
1246 1963 1359 2018 quod

412 2066 476 2110 (ι)
501 2069 574 2101 Art.
602 2075 696 2110 1235.

412 2122 475 2168 (2)
499 2125 583 2158 Nos».
610 2134 684 2167 134.
708 2133 779 2168 cap.
801 2133 835 2168 7.

414 2177 477 2224 (3)
501 2179 589 2215 Eod.
613 2189 685 2224 cap.
706 2190 741 2223 9.
