1513 2734
717 160 760 233 ‚t
823 161 901 204 180
959 155 988 212 >

358 291 430 333 dus
457 292 531 342 fit,
573 292 732 348 J'udices
758 286 895 337 'autem
922 296 1048 351 vulgo
1075 311 1277 353 nunquam
1302 298 1353 342 ad

353 362 521 404 eandem
537 366 822 407 certitudinem
849 369 1058 419 pervenire
1082 371 1260 421 possint,
1295 372 1353 412 ob

351 445 515 486 parvam
532 464 545 483 ‚
577 448 697 488 quam
720 436 769 477 de
791 449 833 477 re
849 437 1026 492 litigiosa
1040 437 1211 489 habent,
1243 442 1352 481 noti-

351 503 446 544 tiam
457 534 470 553 ,
503 503 782 559 legislationes
797 507 992 560 positivae
1008 506 1135 561 vulgo
1149 507 1322 549 statuunt
1334 538 1350 558 ‚

347 574 688 625 praesumtionem
719 577 976 632 jurisjurandi
1015 577 1220 630 judicialis
1263 577 1351 617 esse

343 643 444 697 Juris
460 656 502 685 et
518 645 682 700 dejure.
743 648 811 688 Ab
824 649 946 689 altera
976 657 1108 686 autem
1136 657 1251 700 parte
1266 648 1349 687 sae-

343 715 436 765 pius
455 715 576 756 etiam
593 715 679 755 fieri
695 728 833 768 potest
847 749 860 768 ‚
893 730 938 759 ut
959 729 1004 757 ea
1019 717 1182 770 quidem
1208 728 1348 758 nostra

345 784 391 824 fit
417 796 549 826 rerum
579 773 748 835 notitia,
778 798 826 828 ut
853 790 932 830 fine
967 787 1093 828 dubio
1119 799 1202 827 non
1221 787 1344 830 ,falle-

341 865 478 894 remur
506 856 548 895 in
575 855 823 898 admittenda
853 859 1045 899 contrarii
1073 858 1342 910 probatione,

339 923 479 965 verum
534 924 634 966 haec
672 925 757 979 ipsa
795 938 926 967 tamen
964 927 1158 979 probatio
1192 927 1341 969 malum

336 991 551 1047 praeberet
602 997 840 1051 exemplum*
877 997 1112 1048 causarum,
1159 997 1230 1038 ubi
1266 999 1339 1039 du-

337 1063 428 1103 biae
455 1076 575 1119 atque
611 1068 788 1109 incertae
819 1067 961 1109 fierent
995 1079 1089 1119 res,
1133 1081 1233 1122 quas
1260 1081 1341 1122 pro

335 1136 458 1175 certis
496 1138 688 1191 omnique
732 1138 859 1180 dubio
900 1138 1123 1193 majoribus
1163 1138 1336 1189 haberi,

336 1205 510 1247 civitatis
555 1210 730 1249 maxime
780 1210 962 1250 interest.
1051 1207 1158 1249 Rem
1189 1209 1335 1266 iterum

100 1310 103 1311 ⁷
146 1290 181 1316 ct
218 1276 534 1328 mino-exemplis
587 1277 848 1320 illustremus.
939 1278 985 1319 In
1015 1277 1205 1318 omnibus
1243 1277 1335 1318 sane

143 1329 299 1408 triissaeta-
335 1342 661 1399 legislationibus
694 1349 886 1391 civilibus
916 1358 1027 1391 certa
1050 1359 1158 1389 aetas
1193 1347 1335 1388 defini·

336 1426 429 1463 tur,
462 1429 582 1468 quam
610 1419 680 1471 qui
707 1420 889 1461 nondum
917 1419 1053 1472 adepti
1071 1417 1187 1467 sunt,
1216 1429 1333 1471 prae-

333 1484 541 1526 sumuntur
567 1498 650 1528 non
679 1500 730 1528 eo
754 1489 885 1530 stabili
911 1489 1080 1541 ingenio
1106 1487 1191 1527 esse
1211 1500 1325 1541 prae-

329 1553 430 1603 diti,
463 1566 507 1596 ut
529 1557 606 1596 rite
636 1555 702 1596 sua
727 1560 892 1613 negotia
931 1559 1003 1612 ipfi
1048 1570 1189 1612 gerere
1231 1570 1328 1612 pos-

327 1626 415 1666 fint.
489 1625 530 1666 Si
573 1627 699 1680 igitur
739 1624 906 1679 probari
951 1627 1122 1676 liceret,
1167 1627 1219 1668 ab
1251 1627 1329 1669 hac

324 1695 465 1750 regula
512 1695 595 1737 dari
646 1700 913 1752 exceptiones
926 1706 962 1746 ’,”
1003 1711 1097 1740 cum
1138 1696 1327 1739 nonnulli

325 1767 648 1816 contenderent,
694 1767 734 1808 se
772 1770 854 1824 jam
892 1779 984 1809 ante
1026 1770 1113 1827 eam
1154 1778 1326 1808 aetatem

323 1847 377 1876 eo
407 1837 661 1888 pervenisse,
694 1851 737 1880 ut
766 1852 829 1880 res
858 1840 944 1881 suas
970 1840 1045 1880 rite
1072 1850 1211 1894 gerere
1227 1849 1325 1891 pos-

321 1908 422 1954 fint,
454 1919 503 1947 ex
521 1908 730 1950 hominum
760 1912 899 1952 natura
928 1909 1043 1951 statui
1071 1920 1239 1963 potest,
1271 1919 1317 1949 ut

321 1988 419 2017 tunc
457 1989 625 2026 omnes,
670 1978 734 2019 vel
771 1979 910 2020 saltem
938 1980 1098 2032 plures,
1143 1979 1320 2032 probare

319 2044 500 2097 vellent,
545 2048 585 2088 se
625 2050 666 2089 in
705 2047 798 2090 casu
839 2051 1096 2103 exceptionis
1127 2061 1317 2102 compre-

319 2115 440 2157 hendi
463 2116 636 2158 debere:
669 2119 743 2160 hae
756 2131 888 2160 autem
904 2121 1169 2174 probationes
1199 2121 1317 2161 innu-

318 2188 438 2227 meris
451 2185 593 2230 litibus
609 2189 739 2230 ansam
765 2191 1036 2245 praeberent3
1069 2190 1307 2245 sapientisfi·

1244 2271 1307 2299 me
