1513 2734
608 151 830 211 (9)

143 294 248 334 cere.
293 305 341 314 -··
383 290 498 347 Quid
537 291 693 333 multa?
739 291 874 348 Quam
917 291 1098 333 vidimus
1139 291 1210 345 ipfi
1240 302 1282 332 et

143 373 524 428 commeravimus,
569 377 807 428 impotentis
860 374 1109 416 Francorum
1148 371 1280 414 dom‘i·

143 457 320 498 nationis
339 456 598 508 erudelitas,
630 457 727 508 illa,
761 458 786 498 fi
814 457 913 512 quid
939 456 1077 506 aliud,
1108 457 1148 497 in
1178 456 1281 496 sum-

145 526 213 579 ma
232 539 385 592 patriae
413 540 592 581 ostendit
620 542 807 582 aerumna
835 553 875 582 et
920 539 1145 587 calamitate
1162 570 1175 589 ,
1221 550 1282 578 re-

136 620 307 676 ,ligione
333 623 583 665 nostratibus
606 623 708 665 nihil
734 623 818 665 esse
858 623 1077 677 quidquam
1121 623 1281 672 carius,

143 703 246 744 nihil
284 706 503 758 antiquius·
577 705 700 760 Quos
738 719 965 760 quanquam
998 704 1116 746 villas
1143 717 1283 757 quam-

145 785 342 840 plurimas
393 800 433 828 et
478 787 667 828 suburbia
705 788 1006 841 pulcherrima,
1057 788 1288 827 tristissimo

144 867 333 910 demoliri
363 869 599 923 spectaculo
632 872 771 926 coegit
800 870 969 923 soloque
999 882 1167 922 aequare
1183 880 1282 909 tem·

146 964 297 1005 porum
338 953 524 1003 miseria3
572 953 721 1006 templa
758 964 889 995 tamen
935 954 1069 994 omnia
1095 966 1141 993 ac
1171 951 1284 992 delu-

154 1034 250 1083 bra,
284 1033 380 1075 Deo
409 1034 584 1076 colendo
614 1035 832 1076 immortali
850 1036 1019 1083 dicata,
1052 1035 1150 1075 sarta
1178 1046 1284 1075 tecta

146 1117 279 1169 pietas
311 1117 482 1170 hujusce
523 1116 670 1170 populi
712 1118 858 1158 tuenda
898 1118 1012 1158 duxit
1042 1129 1082 1157 et
1122 1116 1281 1157 conser-

151 1198 296 1239 vandal
351 1197 468 1252 Quae
497 1200 684 1239 convivia
708 1210 829 1252 atque
859 1198 1024 1251 epulas,
1070 1199 1218 1254 gaudio
1243 1200 1283 1239 in

145 1281 406 1331 domestico,
463 1280 603 1322 liberis
661 1294 801 1336 parare
835 1293 876 1322 et
908 1283 1055 1324 amicis
1090 1281 1283 1322 lautiores

145 1364 409 1405 consuessent
440 1364 776 1418 patresfamilias,
828 1377 892 1406 eas
937 1364 1147 1406 instaurare
1189 1376 1283 1406 cum

151 1446 372 1499 tyrannidis
407 1448 597 1488 vetuisset
623 1449 878 1498 immanitas3
924 1449 1196 1503 euangelia-ae
1227 1458 1282 1489 ta-

149 1542 242 1571 men
268 1530 479 1572 doctrinae
520 1530 699 1572 coeleste
727 1531 949 1584 pabulum,
995 1542 1039 1572 ut
1068 1531 1282 1572 remotisfi-

145 1615 222 1654 mis
268 1614 498 1668 quibusque
536 1615 788 1668 impertirent
828 1615 1090 1664 nationibus,
1141 1614 1281 1667 demp-

146 1707 206 1738 tas
236 1697 464 1750 expendere
489 1697 742 1738 fortunarum
772 1697 821 1738 de
855 1696 1072 1753 naufragiis
1113 1697 1282 1749 pecuni-

141 1791 213 1829 as,
269 1779 534 1822 lubentisfiini
582 1781 823 1821 nostratium
879 1780 985 1821 haud
1022 1780 1143 1833 pauci
1190 1791 1281 1832 per-

103 1854 108 1859 ’
143 1874 352 1904 rexerunt.
383 1883 430 1892 —
461 1862 667 1918 Quorsum
696 1863 794 1905 haec
825 1863 1024 1915 disputo}>
1054 1874 1100 1903 ut
1128 1861 1279 1902 intelli-

142 1946 247 1999 gatis
287 1947 505 1995 nimirum,
552 1946 778 1987 Auditores
814 1945 1112 1988 humanisfimi!
1158 1957 1279 2006 quam

144 2027 348 2080 praeclare
393 2030 466 2070 fint
507 2029 555 2070 ad
597 2028 863 2070 excolendam
902 2028 1176 2083 Theologiam
1204 2028 1279 2068 Ba-

105 2120 327 2158 ,2tav0rum
357 2110 464 2152 facta
502 2113 674 2167 ingenia.
749 2110 898 2164 Neque
939 2112 1048 2152 enim
1088 2110 1278 2151 Vestrum

139 2205 408 2252 quemquam,
431 2195 530 2247 'qua
557 2195 656 2240 ,estis
693 2194 942 2249 perspicacia
957 2187 979 2245 ‚¹
1004 2193 1276 2251 dubitaturum

1213 2287 1274 2315 es-
