1513 2734
702 136 922 193 (26)

310 442 506 493 Vidistis,
562 441 779 484 Auditores
834 440 1126 482 humanisfimi!
1178 450 1279 493 quot
1331 451 1372 481 et

252 526 410 578 quantis
439 536 593 565 nostras
618 534 786 579 augeant
823 522 957 564 literas
1001 522 1372 576 opportunitatibus

246 607 557 659 commodisque
602 606 814 646 hodiernae
854 604 986 660 Belgii
1028 617 1116 653 res,
1161 615 1201 645 et
1233 604 1373 658 politi-

249 700 348 737 cae,
380 699 421 727 et
448 688 598 738 sacrae,
637 699 678 728 et
703 688 894 729 eruditae.
968 687 1133 737 Restat,
1179 697 1224 728 ut
1251 688 1373 740 ipsius

249 780 354 810 nunc
377 768 637 825 Theologiae
678 771 926 824 praesentem
969 770 1042 812 hac
1080 772 1119 810 in
1149 770 1277 824 patria
1303 769 1374 810 sta-

252 863 335 895 tum
389 852 616 907 laetumque
669 853 809 894 florem
870 855 1010 907 paucis
1065 853 1374 894 confideremus.

250 933 395 988 Neque
432 933 500 976 hic
544 947 703 985 tamen,
748 948 792 976 ut
835 935 1006 991 fingulas
1036 936 1203 990 hujusce
1237 945 1372 988 partes

247 1017 485 1070 disciplinae
525 1017 766 1058 Batavorum
826 1030 955 1070 nuper
996 1017 1222 1058 excoluerit
1261 1017 1378 1058 indu-

247 1099 363 1148 stria,
409 1101 468 1139 ita·
503 1100 602 1140 mihi
647 1101 829 1140 oratione
872 1113 1051 1153 quasque
1079 1099 1163 1140 esse
1193 1099 1377 1152 comple-

248 1163 409 1225 ciendas
435 1193 567 1235 put03
612 1194 663 1222 ne
692 1182 778 1223 mea
804 1183 1054 1223 committam
1089 1181 1235 1235 culpa,
1282 1181 1376 1223 Bel-

247 1277 385 1319 garum
427 1261 772 1320 ut⁴Theologis‚
820 1266 1000 1306 omnium
1041 1264 1123 1305 illis
1165 1265 1376 1305 modestis-

249 1348 380 1396 fimis,
412 1348 642 1400 importuna
668 1348 851 1389 videatur
877 1347 1105 1402 loquacitas
1130 1347 1376 1402 objicienda,

248 1428 330 1470 Sed
352 1442 481 1483 neque
505 1430 717 1472 librorum
743 1431 936 1484 profecto
964 1430 1307 1484 scriptorumque,
1335 1431 1375 1470 in

246 1504 329 1552 hoc
371 1525 515 1567 genere
559 1513 622 1554 vel
659 1513 767 1567 apud
791 1526 866 1554 nos
895 1514 1126 1562 editorum,
1172 1513 1236 1554 vel
1266 1511 1378 1566 apud

247 1594 432 1644 vicinos,
477 1607 543 1637 aut
590 1598 710 1650 copia
737 1607 805 1638 aut
841 1597 1051 1650 paucitas,
1097 1595 1146 1637 ad
1174 1606 1375 1642 utrorum·

249 1688 328 1728 que
364 1679 628 1732 comparanda
666 1679 819 1729 studia,
861 1680 967 1733 justa
1002 1679 1237 1721 adhibeatur
1267 1691 1375 1720 men-

248 1758 361 1799 su'ra:
391 1772 481 1800 nam
507 1773 547 1801 et
575 1763 727 1814 patriae
759 1746 844 1802 eam
873 1773 1055 1815 partem,
1093 1762 1165 1803 ubi
1197 1762 1259 1802 his
1289 1762 1377 1814 qui-

248 1841 337 1882 dem
375 1841 490 1884 locus
530 1826 581 1884 fit
616 1843 769 1894 literis,
819 1846 998 1899 angustis
1041 1844 1187 1885 scimus
1229 1843 1375 1885 finibus

247 1925 474 1974 contineri;
506 1938 545 1966 et
574 1926 709 1979 plures
736 1928 922 1968 novimus
945 1939 1106 1968 nostros
1132 1925 1215 1966 esse
1240 1926 1375 1976 cives²‚

245 2008 345 2058 qui,
389 2009 455 2048 etsi
494 2022 700 2050 accuratae
740 2009 941 2051 excellant
984 2009 1108 2063 'copia
1136 2009 1375 2058 doctrinae,

245 2089 400 2142 pudore
451 2102 579 2131 tamen
635 2093 810 2145 quodam
868 2092 1073 2142 deterriti,
1127 2091 1374 2132 nostratibus

245 2173 444 2227 propr10‚
486 2173 594 2215 nulla
625 2175 798 2217 condant
827 2175 1065 2218 eruditionis
1101 2184 1372 2217 monumenta.

1236 2255 1373 2311 Quan-
