1513 2734
397 281 954 346 ORATIO

636 493 719 521 DE

161 646 424 686 HOMINUM
450 645 813 697 GENTIUMQUE
839 645 1178 693 VAROETATE‚

136 749 193 787 IN
228 745 587 788 CHRISTIANAE
627 748 934 786 SOCIETATIS
962 727 1209 786 Hismmfx

449 827 905 892 OBSERVANDA.

430 1022 919 1052 -ὑθΘ-ο--ή

115 1121 229 1206 Est
255 1163 353 1203 haec
389 1161 582 1202 humanae
623 1172 784 1201 naturae
824 1163 954 1210 ratio,
995 1172 1040 1201 ut
1078 1161 1244 1202 intimos

113 1246 234 1287 animi
273 1244 403 1296 sensus
445 1255 486 1284 et
535 1242 701 1284 affectus
758 1242 824 1284 sua
863 1244 1006 1297 sponte
1050 1243 1245 1296 explicet.

115 1327 254 1370 Homo
284 1329 413 1376 enim,
444 1327 598 1367 ratione
638 1326 872 1379 praeditus,
918 1339 1165 1379 quocunque
1205 1326 1247 1366 se

114 1423 270 1460 vertat,
315 1411 548 1463 ubicunque
580 1422 770 1450 terrarum
812 1409 1017 1459 versetur,
1062 1422 1243 1463 quacun-

115 1478 194 1549 que
224 1505 352 1534 aetate
383 1493 580 1547 prodeat,
624 1494 936 1546 quibuscunque
963 1492 1093 1533 valeat
1123 1494 1247 1535 animi

115 1561 347 1634 ingeniique
388 1576 580 1625 dotibus,
623 1576 708 1616 suas
734 1577 865 1616 ubivis
893 1575 1106 1617 facultates
1136 1575 1247 1616 exse-

116 1663 198 1711 rit,
231 1661 418 1713 suamque
449 1658 641 1714 fingulis,
674 1671 771 1717 quas
807 1669 979 1706 tractat,
1023 1658 1143 1698 rebus
1185 1659 1248 1697 in-

118 1744 254 1785 dolem
285 1743 410 1784 veluti
439 1742 584 1797 infigit.
631 1740 729 1782 Non
755 1741 844 1790 ille,
876 1741 1083 1782 machinae
1107 1740 1248 1791 instar,

120 1829 196 1868 iter
236 1827 276 1866 in
312 1826 453 1866 orbem
484 1837 622 1866 curvat
649 1824 832 1865 eundem.
893 1823 992 1865 Non
1031 1824 1250 1865 bestiarum

122 1922 260 1959 more,
305 1908 510 1949 instinctus
551 1919 702 1949 tantum
744 1908 784 1948 vi
829 1918 869 1948 et
899 1908 1133 1947 efficacitate
1165 1920 1253 1947 mo-

124 2004 251 2033 vetur.
311 1991 448 2046 Majus
479 2002 538 2031 cst
568 2002 608 2031 et
636 1989 855 2040 excelsius,
888 1990 1000 2044 quod
1021 1991 1060 2029 in
1086 1990 1254 2031 homine

125 2076 267 2129 vigct3
309 2075 526 2128 ingenium.
600 2073 689 2114 Imo
716 2086 814 2114 vero
847 2084 1000 2123 tantum
1026 2072 1167 2122 abest,
1210 2083 1256 2114 ut

128 2157 287 2200 aliunde
327 2156 524 2209 pendeat,
570 2168 641 2207 ut,
686 2155 886 2210 quidquid
909 2156 1106 2210 attingat,
1138 2155 1256 2210 quid-

303 2222 305 2225 ·
667 2239 705 2280 A
739 2253 761 2279 2
1162 2236 1262 2291 quid.
