1513 2734
576 104 806 177 (31)

120 249 372 306 particulae,
402 249 596 291 coctione
624 247 824 290 interdum
845 246 1083 301 projectae,
1116 247 1261 290 cadant

118 309 237 362 ‘extra
283 331 365 360 vaS.
455 317 632 373 Quando
674 319 840 361 materia
892 316 1085 370 superstes
1123 317 1254 366 adhuc

123 394 249 432 mixta
274 401 335 430 est
362 401 508 442 parvae
539 402 667 443 aquae
690 389 932 442 quantitati,
969 399 1071 440 quae
1105 388 1258 441 pendet

122 461 173 503 ab
200 460 309 502 illius
340 461 487 513 copia,
529 460 768 513 evaporatio
798 457 994 507 fistenda;
1041 468 1125 503 tum
1156 471 1257 511 pen„-

122 542 196 572 nae
237 530 377 584 pluma
404 532 539 572 omnia
566 529 814 584 colligantur
843 526 964 582 atque
991 529 1034 569 in
1063 540 1131 570 vas
1160 543 1257 582 por..

121 600 348 647 cellaneum
404 612 473 642 aut
512 602 712 648 vitreum,
755 600 884 652 priori
928 598 1060 639 multo
1103 600 1259 650 minus,

121 670 435 720 transferantur,
467 681 508 710 et
534 669 716 722 reliquae
745 668 999 718 moleculae,
1030 683 1134 723 aqua
1162 668 1258 716 -desv

121 741 248 783 tillata
289 740 437 790 affusa,
484 740 636 781 tamdiu
676 736 954 791 colligantur,
992 740 1125 781 donec
1154 739 1259 790 nihil

120 811 298 865 superfit.
358 809 510 851 Iterum
541 808 738 864 superstes
775 820 901 861 aquae
937 811 1137 861 quantitas
1165 822 1258 858 eva-

118 891 315 934 poretur,
363 879 495 920 donec
540 879 581 918 in
610 892 662 920 eo
690 878 765 927 fit,
808 889 854 919 ut
889 876 1062 919 ficcetur
1104 879 1258 928 massa,

120 962 235 1000 tum,
293 963 344 990 ne
389 948 624 997 moleculae·
663 960 879 990 contentae
925 948 1003 990 vafi
1046 950 1263 998 adhaesum

117 1021 242 1075 justo
271 1022 428 1076 magis,
468 1020 562 1062 dum
594 1018 799 1072 reliquum
830 1030 957 1072 aquae
986 1030 1260 1073 evaporatur„

122 1103 202 1143 ope
228 1090 318 1131 tubi
358 1091 477 1130 vitrei
504 1090 706 1131 continuo
740 1091 927 1143 agitetur.
989 1088 1036 1129 In
1064 1102 1186 1143 quern
1216 1090 1263 1139 fi-

51 1208 58 1214 *
119 1173 214 1200 nem
250 1159 397 1201 balneo
429 1157 683 1211 potissimum
709 1171 836 1212 aquae
864 1158 1100 1200 ebullientis
1125 1162 1262 1214 impo-

119 1229 229 1269 nitur
256 1218 494 1275 vasculum,
539 1238 584 1268 ut
612 1239 830 1276 caveatur,
876 1241 927 1269 ne
964 1229 1262 1273 vehementiori

118 1297 257 1340 calore
281 1297 819 1352 decomponaturumateries
861 1298 997 1339 salina.
1071 1299 1261 1353 Aequili-

121 1377 184 1409 tus
226 1366 362 1420 pulvis
405 1378 622 1420 postquam
655 1377 967 1419 temperaturam
1002 1370 1262 1423 atmosphae-

119 1449 188 1478 rae
214 1438 495 1490 acquifiverit,
527 1446 671 1476 exacte
703 1436 917 1491 colligitur
943 1449 983 1479 et
997 1438 1260 1493 ponderatur.

118 1505 438 1567 Ponderelbene
465 1517 634 1560 notato,
667 1507 903 1549 transfertur
927 1510 969 1549 in
993 1522 1087 1558 vas,
1119 1511 1158 1549 in
1176 1524 1262 1564 quo

121 1587 213 1616 cum
253 1569 356 1629 aq‘ua
395 1577 518 1629 coqui
559 1576 685 1628 posfit
729 1574 937 1618 destillata.
998 1579 1041 1619 Si
1080 1591 1155 1632 per
1186 1582 1260 1625 ali-

55 1693 58 1695 *
118 1645 233 1698 quod
270 1656 428 1697 tempus
464 1644 725 1694 ebulliverit,
773 1646 881 1697 filtro
912 1648 1120 1701 injicitur,
1153 1651 1257 1697 bene

111 1715 262 1758 ‘abluto
314 1725 355 1754 et
409 1714 636 1756 madefacto
686 1729 789 1769 aqua
829 1717 1054 1770 destillata,
1098 1732 1141 1760 et
1177 1735 1256 1775 pro

119 1787 342 1839 quantitate
380 1785 566 1839 materiae
609 1785 824 1839 superstitis
866 1788 1010 1843 majori
1056 1791 1255 1834 minorive

119 1854 336 1897 affunditur
358 1866 483 1906 aquae
513 1853 731 1897 destinatae
762 1857 915 1899 calidae
943 1862 1172 1913 quantitas,
1203 1863 1255 1905 ad

120 1926 330 1965 minimum
369 1923 436 1966 sex
477 1925 628 1966 iteratis
669 1928 857 1978 vicibus,
903 1928 1040 1971 saltem
1073 1933 1254 1984 tamdiu,

120 1994 251 2034 donec
279 1993 548 2046 probabiliter
577 1997 677 2051 nihil
709 1997 882 2052 amplius
913 1999 1103 2043 solvatur.

176 2062 344 2122 Pulvis,
390 2065 459 2121 qui
486 2065 526 2105 in
554 2065 664 2108 filtro
692 2068 898 2120 superest,
943 2082 1069 2123 aquae
1095 2072 1254 2117 affufio-

119 2144 170 2174 ne
198 2131 410 2188 colligitur
435 2134 477 2174 in
504 2147 570 2176 vas
587 2165 599 2186 ‚
647 2137 759 2192 quod
787 2138 874 2193 igni
903 2142 1152 2197 exponitur,
1181 2123 1252 2184 ‘av-

1172 2227 1253 2268 que
