1513 2734
537 145 565 207 ’(’
637 162 665 207 9
733 141 760 205 ὃ

80 277 187 338 haud
215 293 389 335 certiora
419 294 503 335 esse
532 293 754 346 Phyficae‚
785 304 903 346 quam
919 290 1221 346 Psychologiae

79 375 373 420 fundamenta*
413 375 724 432 Quamobrem,
770 389 853 430 quo
885 377 1010 431 magis
1039 374 1222 427 Psycho-

77 459 213 515 logiae
252 459 422 501 studium
464 460 778 510 commendem,
824 459 929 500 haud
983 460 1118 511 inepte
1157 468 1223 498 me

74 554 263 585 acturum
304 544 522 592 existimo,
569 545 595 584 fi
639 544 714 584 hac
758 542 1061 596 opportunitate
1089 541 1222 582 dicam

75 626 130 667 de
169 635 319 667 nostra
359 626 595 680 cognitione
634 626 802 675 animi,
847 633 1100 679 comparata
1129 636 1223 676 cum

75 709 316 762 cognitione
361 721 508 749 rerum
562 717 887 762 corporearum„
956 707 1031 748 Me
1086 707 1224 747 dicen*

77 772 189 839 tem,
236 789 289 830 A.
330 789 417 840 H.‚
464 791 651 845 benignis
693 801 812 844 atque
854 791 1019 831 attentis
1062 789 1225 830 auribus

78 874 320 929 excipiatis,
352 873 632 915 humanisfime
659 886 779 928 rogo.

404 970 866 994 —-——-‘-——--—-

140 1050 269 1107 Quod
309 1051 336 1093 fi
365 1052 434 1093 cui
470 1053 614 1104 mirum
642 1051 851 1101 videatur,
896 1063 991 1100 me,
1037 1048 1226 1090 Philoso-

84 1134 204 1187 phiae
231 1134 505 1174 defendendae
541 1134 682 1181 causa,
712 1134 986 1185 patrocinium
1025 1132 1229 1186 suscipere

83 1213 383 1269 Psychologiae
423 1225 565 1256 contra
612 1213 848 1266 Phyficam,
909 1215 1015 1268 quasi
1059 1213 1230 1267 Phyfica

85 1298 171 1351 ipsa
216 1310 299 1338 non
338 1299 383 1339 fit
419 1310 509 1351 pars
537 1296 856 1351 Philosophiae,
899 1299 933 1338 is
973 1298 1227 1346 confideret,

83 1380 237 1430 -velim,
283 1393 403 1434 quam
435 1380 576 1421 misere
615 1381 842 1423 recentiore
880 1391 1010 1421 aetate
1048 1366 1232 1422 'lacerata

85 1463 209 1505 fuerit
233 1462 514 1517 Philosophia.
575 1462 635 1504 Ut
661 1465 769 1504 enim
797 1464 1003 1517 quondam
1031 1461 1228 1514 polonia,

85 1548 199 1601 pacis
242 1558 283 1588 et
322 1546 569 1588 concordiae
599 1546 880 1588 conciliandae
903 1547 1046 1596 causa,
1078 1547 1233 1588 divide-

86 1630 203 1670 batur
227 1642 300 1683 per
327 1641 449 1684 regna
479 1629 670 1679 finitima,
704 1643 797 1671 cum
825 1629 935 1671 aliud
971 1629 1067 1671 alias
1110 1640 1234 1671 terras

85 1712 302 1759 avelleret,
335 1713 506 1766 suaeque
536 1712 681 1753 ditioni
711 1712 932 1767 adjiceret,
963 1714 1018 1753 ita
1033 1713 1129 1754 alias
1143 1726 1235 1767 par-

85 1806 146 1837 tes
182 1795 474 1849 Philosophiae
503 1794 603 1836 aliae
630 1796 867 1846 doctrinae,
899 1808 943 1837 ut
971 1795 1233 1851 Theologia,

83 1877 433 1932 Jurisprudentia‚
465 1880 564 1931 quin
594 1878 679 1932 ipsa
707 1881 828 1920 etiam
857 1879 1141 1938 Grammatica‘·
1160 1879 1234 1920 fibi

86 1961 370 2012 vindicarunt,
413 1973 532 2015 atque
550 1992 563 2011 ,
602 1973 648 2002 ut
677 1974 838 2003 omnem
867 1962 1109 2003 discordiam
1140 1963 1236 2002 diri-

92 2056 277 2093 merent,
309 2057 452 2097 pacem
483 2056 525 2086 et
562 2045 893 2099 tranquillitatem
922 2045 1234 2096 confirmarent,-

89 2127 401 2180 praeteritorum
427 2139 658 2181 temporum
689 2129 924 2169 memoriam
953 2127 1236 2176 debilitarent,

91 2209 407 2252 novosincokm
435 2211 488 2251 sta
525 2223 619 2252 cuni
661 2210 739 2253 stus
775 2211 1145 2261 connnsscuerunt,
1192 2223 1236 2252 ut

1139 2306 1237 2348 pau-
