1513 2734
681 138 936 197 (s192)

249 278 371 329 dum,
399 282 477 333 qua
506 279 824 321 determinantur
851 281 1035 320 actiones
1059 278 1236 319 omnium
1250 279 1379 319 vecti-

249 362 317 392 um
335 352 359 400 ‚‘
380 361 500 403 atque
531 352 713 391 omnium
743 350 1015 390 machinarum
1033 380 1046 399 ‚
1077 351 1117 389 in
1146 350 1295 402 quibus
1321 349 1381 388 di-

247 420 383 461 versae
423 432 570 472 partes*
599 421 919 477 constituentes,
965 430 1109 472 utpote
1144 431 1309 468 vectes,
1340 419 1382 457 in

247 491 288 532 se
318 491 494 532 invicem
526 493 664 546 agunt.
737 489 852 532 Haec
882 486 1016 537 autem
1044 490 1172 528 vectis
1196 489 1382 545 proprie(

249 570 309 600 tas
333 552 384 601 'in
411 559 480 601 illa
507 560 775 602 Mechanices
803 571 942 612 parte,
991 561 1030 600 in
1056 573 1134 612 qua
1175 548 1385 609 machinae(

248 630 577 680 considerantur,
623 643 750 684 aeque
787 631 890 670 bene
943 623 1192 682 principium
1240 627 1383 668 funda-

248 700 423 757 mentale
452 701 648 751 habetur,
681 711 803 754 atque
832 701 986 740 theoria
1014 698 1384 753 parallelogrammi

249 771 292 811 in
321 771 621 825 compofitione
648 773 809 812 virium.

252 838 253 842 ’
311 835 354 882 S'i
382 833 678 883 confidera'mus
704 841 851 882 lineam
876 841 914 881 A
931 841 962 881 B
995 839 1114 895 (Fig.
1142 835 1267 892 23.)‚
1301 850 1386 878 tan-

251 924 372 965 quam
402 922 563 953 vectem
592 910 886 959 inflexibilem,
919 910 1036 951 nullo
1059 909 1243 964 pondere
1271 920 1386 961 prae-

251 981 413 1030 ditum,
456 993 479 1020 e
518 982 634 1034 cujus
684 980 1010 1021 extremitatibus
1063 979 1263 1032 pendeant
1305 978 1388 1018 duo

252 1051 436 1106 pondera
459 1049 490 1091 P
521 1062 562 1090 et
589 1049 629 1105 Q
649 1081 661 1100 ,
706 1060 834 1091 erunt
863 1049 970 1093 haec
990 1050 1184 1103 pondera
1229 1048 1273 1088 in
1317 1059 1389 1087 cte-

253 1120 609 1176 quilibrio'circa
631 1115 828 1174 fulcrum
843 1118 890 1174 gF
906 1150 919 1169 ‚
957 1118 998 1173 fi
1023 1112 1139 1159 inibi*
1157 1114 1205 1171 sb
1226 1116 1312 1171 fint
1343 1117 1389 1157 in

252 1192 424 1233 ratione
453 1190 627 1247 inversa
655 1184 931 1233 brachiorum
948 1189 1034 1230 AF
1065 1199 1105 1229 ct
1132 1188 1165 1227 B
1185 1187 1243 1236 F,
1273 1197 1387 1241 quae

254 1263 372 1304 inter
419 1259 614 1315 fulcrum
665 1271 707 1301 er
733 1274 736 1277 ·
752 1260 882 1316 pectis
933 1258 1235 1300 extremitates
1273 1271 1389 1298 com-

251 1330 611 1387 preltenduntur3
641 1330 682 1370 id
705 1341 788 1369 est:
1012 1337 1017 1342 ·
1039 1341 1042 1344 ⁴

459 1399 1047 1455 ‘.P:Q=BF:AF‚

259 1471 373 1527 quod
413 1484 465 1513 ex
501 1472 591 1513 Art.
625 1486 688 1524 14.
718 1470 926 1511 evidenter
958 1480 1154 1522 apparet,
1200 1469 1395 1521 quoniam

260 1542 437 1584 fulcrum
480 1541 542 1591 F,
588 1544 649 1582 vis
693 1540 941 1594 compositae
969 1539 1108 1580 locum
1141 1551 1262 1579 tenet.
1336 1538 1393 1579 Et

260 1616 303 1654 in
329 1614 404 1653 hac
435 1614 705 1665 proportione
737 1611 919 1652 confistit
939 1610 1068 1649 vectis
1100 1610 1364 1661 principium.

319 1683 373 1724 II.
406 1683 594 1724 Summus
622 1681 697 1722 La
727 1681 874 1722 Gran
892 1693 956 1734 ge
981 1681 1022 1719 in
1051 1680 1121 1719 suo
1153 1692 1277 1731 opere
1315 1681 1396 1720 sae-

263 1755 358 1810 pius
385 1755 512 1795 citato
543 1752 652 1806 (1),
693 1751 867 1804 amplam
894 1751 1102 1791 historiam
1131 1749 1250 1803 hujus
1284 1751 1397 1802 prin-

264 1825 366 1878 cipii
421 1824 553 1864 tradit.
627 1823 866 1864 Manifestat
910 1822 1074 1866 autem',
1115 1819 1398 1860 Archime-

267 1895 383 1936 dem
425 1894 526 1934 illud
562 1895 808 1947 principium
855 1894 1029 1944 primum
1070 1889 1300 1944 exposuisse
1355 1891 1399 1930 in

218 2007 226 2014 ,
259 1965 356 2019 ¹ejus
384 1963 493 2005 libro
523 1963 573 2004 de
599 1961 1107 2019 Aequiponderantibzts;
1151 1973 1191 2001 et
1221 1961 1248 2002 fi
1276 1961 1400 2001 ratio-

254 2043 364 2075 'nem
419 2034 612 2091 habemus
665 2045 833 2082 eorum,
879 2044 980 2085 quae
1048 2030 1123 2072 La
1167 2030 1400 2085 Grange-

1353 2099 1403 2141 de

322 2179 386 2227 (ι)
409 2183 532 2217 Μᾰεαη.
565 2182 698 2225 Analyt.
728 2182 825 2216 Tom.
854 2181 882 2214 Ι.
910 2189 983 2224 pag.
1007 2190 1028 2225 4
1052 2178 1123 2223 sqq.
