1513 2734
673 131 925 186 (106)

245 268 551 318 confirmatam,
597 281 780 321 ponant3
826 282 866 310 et
906 283 1030 320 vere,
1073 269 1144 310 nifi
1172 270 1257 324 ipsa
1296 281 1359 312 ra-

245 341 305 380 tio
359 340 646 389 convinceret,
701 340 782 381 hoc
837 342 1085 394 principium
1130 352 1220 382 cum
1274 340 1360 394 ipsa

244 411 302 450 rei
343 421 506 458 natura,
552 420 597 449 ut
631 411 686 450 ita
714 411 888 458 dicam,
935 411 1000 451 vel
1044 411 1216 451 maxime
1258 422 1359 451 eon·

247 491 418 533 gruere,
477 478 672 532 profecto
741 489 825 520 non
876 481 1028 522 factum
1072 479 1256 528 fuisset,
1314 489 1361 520 ut

244 561 384 588 omnes
416 547 682 598 Mechanici,
727 550 778 590 ab
808 563 859 591 eo
895 550 988 591 inde
1016 562 1229 603 tempore,
1274 561 1360 601 quo

243 617 469 658 adhibitum
515 619 624 668 fuit,
682 633 810 674 usque
853 620 903 661 ad
944 631 1123 661 nostram
1165 630 1361 668 aetatem,

242 686 385 738 sponte
420 700 472 727 eo
501 687 557 728 ufi
584 688 751 730 fuissent
767 690 831 751 ⁸ad
856 692 961 732 vires
987 689 1294 744 componendas
1319 698 1363 729 et

240 756 291 796 ad
319 756 549 810 aequilibrii
576 760 834 801 conditiones
864 757 1173 802 constituendas.

299 826 381 876 At,
413 831 595 881 quamvis
625 842 745 872 nemo
774 831 999 881 dubitaret,
1030 832 1127 884 quin
1152 831 1234 871 hoc
1249 828 1360 883 prin-

242 897 396 950 cipium
437 911 575 939 verum
614 902 744 950 esset,
789 912 921 942 tamen
954 913 1076 941 nemo
1106 899 1191 941 fere
1216 909 1363 940 auctor

241 968 440 1017 eximius,
485 972 667 1021 quamvis
709 973 751 1010 in
791 971 958 1025 reliquis
1000 984 1094 1012 cum
1130 970 1220 1010 aliis
1260 979 1362 1009 con-

241 1036 425 1084 veniret,
459 1037 579 1078 talem
607 1039 794 1080 exhibuit
825 1040 1205 1081 demonstrationem
1241 1037 1362 1091 hujus

240 1107 459 1160 principii,
505 1109 635 1162 qualis
675 1110 724 1151 ab
768 1109 851 1152 alio
905 1111 988 1165 jam
1035 1110 1140 1150 esset
1198 1108 1356 1150 tradita.

245 1175 359 1217 Nam
395 1190 487 1217 cum
533 1179 616 1220 duo
658 1179 829 1222 effectus
865 1181 1023 1222 viribus
1076 1180 1360 1235 adfignentur‚

241 1256 375 1287 motus
402 1249 645 1303 etpressto,
676 1250 744 1291 alii
773 1263 825 1292 ex
854 1251 966 1301 hoc,
1012 1250 1080 1294 alii
1106 1263 1157 1291 ex
1186 1249 1259 1291 illo
1297 1247 1360 1290 ef-

240 1316 352 1358 fectu
382 1319 629 1371 principium
659 1314 927 1361 de‘monstrare
958 1322 1095 1363 conati
1128 1320 1245 1361 sunt:
1288 1318 1360 1360 alii

242 1398 373 1426 autem
402 1387 582 1430 arbitrati
609 1390 697 1431 sunt
719 1420 733 1439 ‚
769 1392 1019 1444 principium
1047 1390 1360 1444 compofitionis

241 1458 386 1497 virium
419 1459 550 1498 minus
581 1471 692 1500 recte
719 1460 980 1502 demonstrari
1006 1460 1153 1514 posse,
1183 1472 1233 1500 ex
1268 1471 1359 1500 mo-

240 1537 304 1566 tus
344 1538 411 1567 aut
439 1529 654 1580 presfionis
691 1532 1019 1584 compositione,
1066 1529 1162 1578 sed,
1195 1540 1357 1570 remoto

241 1598 351 1636 omni
379 1597 555 1649 effectu,
588 1598 713 1652 ipsam
741 1601 928 1648 causam,
959 1601 1001 1641 id
1029 1612 1090 1640 est
1119 1599 1247 1653 ipsam
1282 1599 1355 1640 ab·

238 1667 420 1711 stractam
456 1669 587 1711 ideam
617 1670 710 1720 vis,
742 1672 783 1711 in
812 1669 1008 1712 auxilium
1034 1681 1261 1719 vocarunt,
1307 1668 1358 1713 ad
1410 1717 1419 1727 ,

238 1739 485 1792 principium
525 1740 795 1792 probandum.
826 1758 873 1769 —
902 1740 1031 1781 Adest
1070 1740 1245 1794 denique
1286 1738 1358 1782 illa

239 1807 622 1850 demonstrationum
662 1808 874 1859 varietas,v
920 1811 1001 1864 qu&
1041 1811 1144 1860 hae,
1196 1809 1356 1866 ratio-ne

237 1881 514 1932 geometrica,
547 1880 638 1921 illae
666 1893 799 1922 autem
836 1881 1044 1934 analytico
1083 1880 1210 1923 modo
1235 1880 1354 1922 abso-

237 1947 344 1989 lutae
375 1950 493 2000 sunt:,
524 1962 566 1991 et
592 1938 784 2005 quoniem
804 1983 816 2002 ,
845 1964 1016 2006 propter
1040 1952 1236 2007 principii
1265 1952 1357 1993 fim-

236 2018 492 2072 plicitatem‚
541 2021 831 2063 nonnullorum
869 2022 1228 2065 demonstrationes
1271 2032 1356 2063 non

237 2089 326 2130 satis
342 2091 542 2144 simplices
556 2092 820 2143 videbantur,
850 2093 952 2136 aliae
972 2094 1173 2148 deniqne,
1198 2103 1353 2146 eaeque

192 2173 201 2181 ⁴
236 2161 469 2204 emendatae
497 2162 855 2209 demonstrationes
883 2164 1029 2208 exinde
1056 2175 1168 2207 ortae
1194 2163 1319 2206 sunt.·

1254 2231 1349 2276 Me-
