1513 2734
200 316 426 370 composita
453 315 646 355 omnium
686 316 862 365 virium,
903 327 1040 359 earum
1083 316 1329 359 directiones

202 386 240 426 se
269 387 443 425 invicem
474 383 679 434 secarent,
724 387 886 428 necesse
927 399 1034 438 erat,
1071 387 1237 429 dabatur
1261 401 1327 429 ae-

200 458 340 509 quatio
368 454 606 496 directionis
631 457 692 496 vis
721 459 997 511 compofitae,
1030 460 1070 499 in
1098 457 1222 511 plano
1253 471 1327 500 co-

196 525 466 566 ordinatarum
494 526 689 579 agentis,
735 537 855 580 atque
893 529 937 568 in
969 529 1044 569 hac
1086 528 1326 581 aequatione

193 595 462 636 inducebatur
500 597 713 644 conditio,¹
755 597 868 650 quod
910 599 1054 639 virium
1082 597 1326 651 coinpofita-

192 678 280 706 rum
316 666 565 707 directiones
595 667 634 707 se
663 669 838 709 invicem
871 667 1072 708 secarent:
1118 665 1225 706 unde
1254 679 1329 707 ea-.

193 736 283 777 dem
315 737 500 778 conditio
531 739 703 791 quaefita
727 738 928 801 provenit.

199 822 201 824 ·
251 806 445 860 Denique
475 807 540 849 Pr
557 822 623 849 on
640 823 693 861 y,
724 822 817 851 cum
844 810 900 849 ita
926 807 1184 851 transformet
1211 807 1317 847 vires

189 869 230 916 in
263 877 391 928 spatio
418 891 603 932 agentes,
636 891 680 920 ut
705 892 838 920 earum
868 880 1051 920 actiones
1078 877 1323 931 conjunctae

191 948 477 999 aequivaleant‘
516 950 643 991 tribus
683 947 1134 1000 viribuscomp‘ositis3
1162 947 1221 985 ,in
1251 959 1323 987 co-

191 1017 462 1058 ordinatarum
496 1020 623 1060 tribus
659 1019 790 1073 planis
820 1020 929 1067 fitis,
961 1018 988 1059 fi
1018 1017 1124 1056 vires
1152 1014 1319 1069 agentes

189 1086 341 1127 habent
369 1098 487 1127 unam
512 1091 596 1126 vim
621 1091 887 1141 compositam
904 1118 916 1138 ,
949 1088 1053 1128 han-c
1082 1087 1164 1125 vim
1179 1084 1321 1131 itidem

194 1157 282 1198 esse
296 1159 376 1197 vim
395 1158 662 1210 compositam
679 1160 800 1199 trium
813 1160 959 1199 virium
976 1155 1290 1209 compositarum
1306 1183 1321 1203 ,

189 1229 230 1267 in
251 1226 592 1268 coordinatarum‘
604 1227 759 1280 planis,
793 1227 1129 1282 perspicuumest,
1191 1223 1330 1279 Igitur:v

186 1298 262 1339 hae
307 1298 413 1338 vires
444 1308 488 1337 ut
517 1299 759 1337 conveniant
786 1299 830 1336 in
857 1297 963 1337 idern
993 1306 1218 1349 punctum,
1252 1282 1327 1337 seu*

189 1370 351 1421 potius,
393 1379 438 1408 ut
478 1380 611 1408 earum
649 1367 896 1407 directiones
936 1365 1009 1405 fint
1039 1363 1316 1418 projectiones

187 1437 367 1492 ejusdem
411 1436 563 1485 lineae,
608 1438 647 1478 in
688 1437 816 1489 spatio
859 1435 1042 1488 pofitae,
1073 1435 1314 1486 requiritur:

184 1507 296 1560 quod
314 1507 338 1545 fi
362 1507 622 1558 aequationes
652 1506 923 1547 directionum
951 1517 1086 1546 earum
1117 1503 1327 1557 colligam„

183 1588 250 1619 tur
279 1587 356 1615 una
392 1577 660 1627 aequa-tione,
704 1575 801 1615 haec
841 1574 1028 1625 aequatio
1058 1572 1187 1613 finalis
1215 1583 1324 1617 con-‚

182 1647 284 1685 tinet
313 1645 590 1703 conditionem
617 1645 845 1697 quaesitam.

241 1715 357 1770 Ergo
400 1715 613 1763 methodi,
656 1715 804 1767 quibus
846 1713 900 1754 ufi
941 1713 1029 1754 sunt
1055 1712 1086 1753 P
1104 1725 1243 1764 rony
1271 1725 1323 1756 etr

184 1784 216 1826 P
234 1785 570 1834 oisionius,
601 1798 652 1825 ex
681 1784 826 1825 eodem
850 1783 964 1824 fonte
993 1783 1228 1836 profluunt,
1256 1794 1312 1829 ex

180 1869 266 1910 quo
324 1855 456 1896 hausta
507 1867 568 1895 est
613 1853 860 1906 compositio
890 1852 1214 1907 'quamplurium
1240 1853 1312 1892 ,vi-

178 1928 280 1966 rium
298 1955 311 1973 ‚
358 1927 398 1965 in
443 1925 572 1977 spatio
615 1925 850 1978 agentium3
888 1934 957 1972 et,
1003 1924 1074 1965 nisi
1127 1924 1308 1976 excipias

177 1998 354 2043 rationes
388 1996 637 2047 analyticas,
671 1994 820 2048 quibus
858 2005 1000 2035 eorum
1028 1994 1307 2047 investigatio-

177 2079 247 2106 nes
301 2066 602 2116 conficiuntur‚
647 2066 792 2107 eodem
847 2064 1109 2105 fundamento
1167 2064 1311 2117 super·¹

178 2136 346 2177 structae
373 2137 461 2178 sunt
488 2137 562 2177 hae
591 2135 800 2186 methodi,
841 2148 925 2190 quo
963 2146 1099 2176 nostra
1142 2135 1304 2191 metho-

1021 2217 1027 2220 ·
1226 2203 1298 2243 dus
