1513 2734
418 113 491 200 'c
552 143 632 200 13'9
691 141 718 197 >

95 288 147 331 :le
178 284 469 329 donationibus
493 284 748 326 referunturt
781 281 849 325 sed
872 280 1013 324 eadem
1041 277 1103 321 ib'i

98 357 234 400 valent
275 357 475 411 principia
492 385 515 405 ,.
551 367 656 408 quae
695 354 832 409 quoad
867 358 1106 396 testamenta

99 428 237 472 valere
268 427 454 468 vidimus.
715 433 718 437 ’

100 506 106 512 “
157 489 480 553 11.'Sequuntur
507 497 677 548 causae,
715 497 789 538 ubi
834 494 901 538 lex
939 493 1099 549 praesu÷
1144 501 1178 527 et
1199 495 1252 527 2⁰·
1269 491 1323 525 De

101 572 204 620 init,
257 581 451 623 quaenam
512 567 636 609 fuerit
682 567 1010 609 contrahentium
1068 565 1108 604 in
1120 539 1291 618 ζὲξζζῗῗω

101 641 450 689 conventionibus
506 639 693 680 ineundis
735 636 937 678 voluntas.
1013 633 1109 675 Hoc
1124 629 1286 664 hentium.

100 712 226 752 etiam
258 721 408 763 vcaput
431 710 601 750 *maximi
635 710 831 749 momenti
858 717 934 748 est.
992 704 1113 746 Civi-

103 783 202 824 :tatis
229 782 337 822 enim
381 791 647 835 magnopere
689 781 885 828 interest,
915 786 962 817 ut
1012 788 1114 818 con·
1326 791 1329 813 ι,

105 860 261 893 tractus
313 849 503 891 effectum
550 850 781 892 sortiantur.
871 848 942 890 Sic
986 846 1116 887 sanci·

105 934 195 964 tum
223 921 437 970 videmus,
477 933 522 962 ut
552 922 593 961 in
625 920 751 962 causis
779 918 913 960 dubiis
941 916 1116 958 statuen-

102 993 203 1034 dum
266 995 340 1042 fit,
387 993 656 1033 conventioni
695 991 836 1031 locum
887 989 973 1031 esse
1003 985 1115 1042 (1):

105 1064 190 1118 qua
232 1065 272 1105 in
311 1076 355 1105 re
395 1063 768 1104 Pothierium
811 1056 893 1114 (α)
924 1059 1118 1099 verbote-

104 1147 184 1176 ‹nus
212 1134 298 1177 fere
327 1133 455 1176 secuti
487 1134 577 1176 sunt
607 1132 878 1188 legislatores.
954 1126 1119 1169 Multae

104 1218 209 1247 vero
249 1206 338 1248 sunt
378 1204 549 1253 causae,
593 1205 635 1245 in
677 1202 829 1257 quibus
868 1199 918 1241 de
955 1209 1120 1240 contra-

107 1277 296 1325 hentium
321 1276 532 1318 voluntate
558 1275 695 1328 plane
733 1272 915 1316 constare
944 1266 1120 1322 nequit,

104 1349 296 1404 adeoque
333 1349 492 1388 ratione
533 1347 671 1388 habita
711 1357 884 1394 eorum,
920 1348 1032 1397 'quae
1061 1340 1121 1381 di-

107 1431 260 1461 cuntur
289 1420 330 1459 in
349 1418 447 1472 Jure
463 1417 657 1459 Romano
673 1413 781 1469 (3):
811 1442 841 1467 ‚9
871 1416 914 1454 in
941 1423 1121 1456 conven-

72 1481 75 1485 ’
105 1489 356 1542 fictionibus
383 1487 714 1529 contrahentium
749 1485 1004 1526 voluntatem
1043 1494 1122 1535 po-

113 1588 142 1612 „
173 1560 253 1600 tius
293 1571 414 1611 quam
455 1557 580 1597 verba
618 1556 791 1609 spectari
831 1549 1045 1606 placuit,''
1076 1573 1124 1583 -

106 1642 166 1671 ,ex
193 1613 591 1682 praesumtionibus,
623 1635 675 1664 ex
701 1635 753 1663 eo
769 1621 985 1670 desumti8‚
1009 1619 1127 1674 quod

116 1699 245 1754 vulgo
274 1698 346 1739 fibi
377 1696 618 1751 stipulantur
653 1692 972 1741 contrahentes,
1005 1689 1124 1731 statu-

117 1769 268 1812 endum
295 1780 379 1819 est,
412 1776 614 1822 quaenam
636 1763 803 1820 lingulis
828 1766 869 1805 in
898 1762 1024 1805 caufis
1050 1773 1124 1801 eo·

120 1854 208 1885 rum
235 1839 360 1882 suerit
389 1837 590 1880 voluntas.
652 1834 787 1890 Hujus
822 1835 880 1876 rei
917 1835 1127 1875 innumera

1064 1913 1125 1942 ln-

169 2026 234 2072 (ι)
258 2026 335 2062 Vid.
360 2026 433 2061 Art.
465 2034 551 2068 1157
577 2023 643 2058 eod.

170 2082 235 2128 (2)
259 2084 312 2125 De
333 2085 498 2118 Contract.
525 2084 576 2116 ΠΨ.
599 2090 657 2123 92.
681 2078 784 2115 Conf.
811 2080 835 2114 1.
863 2079 918 2115 80.
933 2077 977 2123 ff.
998 2077 1037 2111 de
1050 2076 1129 2112 Wr-

125 2142 192 2177 bor.
219 2141 315 2184 oblig.

115 2242 118 2245 .
162 2197 238 2247 (3)
262 2197 340 2235 vid.
363 2199 386 2234 l.
415 2207 491 2242 219.
512 2196 555 2244 ff.
582 2197 620 2233 de
646 2197 726 2241 Reg.
744 2196 819 2239 jur.
