1513 2734
736 138 960 197 (πο)

286 284 523 328 afflictorum
565 284 745 331 anim0s;
788 293 929 334 parum
965 278 1128 326 aberat,
1171 275 1403 317 rebellionis

284 370 380 421 quin
428 377 494 407 rea
549 375 732 420 ageretur
795 360 1118 403 innocentisfima
1174 358 1402 412 disciplina.

287 447 401 504 Quid
428 448 521 489 illos
547 457 764 487 memorem
792 442 982 496 Europae
1011 441 1219 494 Principes
1261 451 1403 494 poten-

285 531 484 579 tissimos,
524 541 628 582 quos
651 540 706 572 ,eo
736 526 898 580 quidem
926 535 1106 577 tempore
1133 523 1276 563 foedus
1306 534 1404 562 con-

279 612 412 666 junxit
440 624 481 651 re
507 611 683 651 sanctum
714 620 753 648 et
783 609 947 647 veritate
965 636 977 656 ‚
1024 619 1115 649 cum
1143 606 1286 645 virtute
1308 615 1405 644 una-

278 693 377 732 nimi
420 703 460 733 et
487 691 703 732 concordia
734 689 1015 743 Bonaparme
1045 686 1404 741 frangendamcu-

278 785 411 815 tarent
439 773 686 826 tyrannidem
717 773 927 812 immanem
944 772 952 812 !
972 801 981 810 .
999 800 1036 810 ..
1083 767 1233 809 Nonne
1261 766 1404 819 et.ips1

279 855 487 896 nonnullis
520 854 732 903 videntur,
774 865 904 906 neque
932 853 980 892 iis
1010 850 1244 892 stultisfimis
1273 849 1404 890 homi-

278 937 428 987 nibus,
470 948 515 976 ea
555 948 648 977 cum
691 937 861 976 maxime
906 934 1088 974 mandata
1115 932 1233 972 edere
1261 945 1307 972 ac
1336 930 1404 971 de-

276 1030 413 1068 creta,
444 1029 546 1070 quae
575 1028 705 1068 neque
734 1008 970 1055 liberalibus
1000 1015 1143 1055 artium
1173 1014 1403 1066 quatumvis

275 1100 413 1141 studiis
453 1096 739 1152 promovendis
788 1097 942 1149 optime
986 1096 1058 1136 fint
1112 1105 1401 1148 attemperata,

275 1194 406 1235 neque
467 1181 594 1235 justae
652 1180 745 1219 artis
809 1177 1170 1231 chalcographicae
1221 1176 1400 1216 libertati

277 1264 478 1305 tuendae?
508 1261 574 1302 De
602 1273 774 1314 quorum
803 1272 881 1314 ego
911 1259 1085 1300 consiliis
1123 1257 1313 1299 silendum
1339 1271 1398 1299 ar-

275 1346 407 1387 bitror
429 1357 469 1386 et
497 1343 742 1384 reticendum
748 1372 920 1383 .....
951 1341 1154 1396 Judicabit
1178 1343 1283 1381 enim
1305 1353 1401 1394 pos-

275 1429 435 1468 teritas:
468 1425 740 1486 Hispanorum
772 1425 890 1465 etiam
936 1424 1266 1477 Graecorumque
1302 1436 1399 1477 pos-

276 1511 350 1550 teri
390 1509 654 1564 judicabunt!
686 1538 696 1548 .
726 1535 739 1548 .
773 1538 781 1547 .
821 1488 902 1547 Sed
941 1508 994 1546 ita
1030 1506 1307 1556 reticendum,
1356 1517 1403 1547 ut

218 1624 221 1628 .
279 1593 438 1634 summis
466 1590 705 1632 extollamus
735 1589 918 1630 laudibus
935 1618 947 1637 ‚
974 1600 1014 1628 et
1042 1587 1314 1638 celebremus,
1360 1599 1402 1629 et

277 1673 483 1714 efferamus
525 1674 651 1713 nostri
691 1671 818 1726 Regis
847 1672 989 1724 optimi
1023 1670 1398 1724 prudentis-fimique

281 1755 560 1796 liberalitatem
577 1786 589 1805 ‚
633 1766 758 1807 quae,
802 1766 932 1807 neque
959 1753 1124 1807 publice
1151 1753 1323 1795 instituta
1351 1753 1400 1794 li-

282 1838 447 1879 brorum
486 1836 729 1878 edendorum
758 1834 1007 1878 editorumve
1036 1836 1226 1885 censura,
1270 1848 1401 1889 neque

282 1918 376 1959 ullis
405 1919 487 1959 fere
525 1919 640 1968 aliis,
685 1930 784 1973 quae
821 1918 1111 1974 typographiae
1138 1919 1397 1972 injiciantur,

282 2001 483 2050 vinculis,
540 2002 792 2055 ingeniorum
834 2001 1020 2042 retardari
1074 2002 1154 2041 vim
1196 2002 1396 2053 patiatur,

282 2092 399 2134 atque
426 2084 551 2123 aciem
580 2083 784 2124 hebetari!
824 2082 950 2138 Quod
977 2084 1127 2124 utinam
1156 2083 1396 2125 beneficium

281 2174 362 2213 ne,
406 2176 477 2217 per
506 2164 794 2206 malevolorum
820 2178 993 2220 unquam
1030 2165 1238 2208 hominum
1270 2165 1396 2207 licen-

1349 2259 1393 2289 tx-
