1513 2734
496 162 753 221 (191)

120 309 306 359 enimus,
339 307 409 362 qui
444 304 558 347 hisce
582 305 796 347 vocabulis
827 304 964 349 offenfi
994 317 1122 349 totam

120 379 347 427 doctrinam
377 375 647 432 rejiciendam
666 375 752 435 esse
786 376 1017 418 voluerunt.
1077 378 1125 418 In

120 449 391 491 Orationibus
417 457 550 489 autem
567 436 918 487 Commentatitiis
933 447 1034 488 haec
1048 460 1127 487 vo-

120 520 297 569 cabula,
354 519 405 560 ab
463 517 760 570 Interpretibus
798 517 906 571 Juris
945 516 1126 558 Romani

121 591 338 644 usurpata,
383 587 502 641 plane
542 586 835 635 admittuntur,
882 588 988 628 unde
1026 600 1128 629 con-

122 661 224 710 stat,
255 658 512 713 legislatores
540 669 586 698 ea
615 670 666 698 ex
700 659 889 712 professo
931 658 1124 699 omisisse.

109 730 238 772 ‘Haec
293 730 602 782 mihiiquoque
644 730 749 769 ratio
787 729 909 770 fuisse
936 729 1129 780 videtur,

124 815 249 856 quare
278 800 500 842 Clarisfimi
529 800 778 851 quaestionis
805 810 994 839 auctores
1030 810 1129 853 ege-

123 884 217 914 runt
247 871 296 913 de
340 869 708 925 praesumtionibus
753 869 854 924 juris
900 880 1055 909 tantum
1086 880 1130 909 et

121 945 225 999 juris
266 954 309 983 et
347 941 395 981 de
423 942 539 995 jure,
587 952 697 995 quae
725 939 849 993 vulgo
893 938 1131 990 dicuntur,-

124 1014 234 1068 quafi
273 1012 451 1053 indicare
490 1009 741 1061 voluissent,
784 1008 987 1051 vocabula
1031 1011 1125 1064 qui-

126 1083 218 1125 dem
246 1095 293 1123 ea
319 1093 391 1136 per
420 1083 458 1122 se
486 1081 527 1120 in
551 1079 713 1122 Codice
749 1091 833 1120 non
876 1091 1127 1132 occurrere,

126 1166 221 1195 cum
250 1164 384 1196 autem
414 1150 667 1205 a‘plerisque
706 1150 974 1204 scriptoribus
1015 1151 1129 1192 usur-

125 1237 219 1278 pata
257 1223 417 1270 essent,
465 1223 669 1275 optimum
705 1222 819 1272 esse,
864 1235 910 1263 ea
957 1224 998 1262 in
1027 1233 1127 1261 con-

127 1294 337 1335 scribenda
371 1292 732 1334 Commentatione
761 1294 939 1334 retineri.
1013 1290 1129 1346 Qua-

125 1377 171 1407 re
200 1366 348 1413 etiam,
392 1374 609 1417 postquam
644 1363 789 1407 horum
827 1362 1128 1404 vocabulorum

128 1436 330 1490 originem
360 1446 481 1487 atque
507 1434 620 1475 usum
650 1433 850 1486 exposui,
894 1446 977 1474 non
1011 1433 1131 1474 dubi-

129 1507 210 1548 tavi
255 1506 466 1556 hucusque
505 1505 555 1544 iis
583 1502 757 1544 diversas
787 1503 1133 1556 praesumtionum

131 1576 288 1629 species
329 1575 561 1628 destgmre,
581 1596 585 1615 ;
605 1585 738 1627 neque
766 1573 808 1613 in
838 1585 1050 1626 posterum
1078 1573 1130 1614 ab

131 1647 214 1688 hoc
246 1643 416 1686 consilio
445 1644 655 1690 defistam,
687 1642 801 1695 quod
832 1642 942 1683 Viris
979 1643 1136 1684 Claris-

75 1742 83 1756 .
132 1717 240 1759 fimis
275 1725 493 1767 acceptum
543 1713 717 1754 videtur.
747 1732 783 1740 —
811 1711 974 1754 Deinde
1014 1715 1138 1754 etiam

134 1787 237 1829 illud
265 1785 519 1833 notandum,
563 1783 860 1837 disputationes
900 1794 994 1832 eaS‚
1037 1796 1137 1838 quas

133 1859 185 1899 de
242 1857 416 1898 criteriis
466 1854 715 1896 differentiae
767 1853 874 1894 inter
924 1865 1141 1909 utramque

134 1927 481 1983 praesumtionum
509 1925 687 1978 speciem
729 1924 846 1964 anxie
875 1935 917 1965 et
961 1924 1140 1984 sollicite

135 2001 242 2040 inter
286 1998 323 2039 se
368 1997 568 2050 agitaruut
607 1996 685 2037 viri
729 1995 871 2044 docti,
915 1996 998 2037 hoc
1037 1996 1139 2038 loco

137 2067 289 2111 nullius
326 2067 414 2107 esse
455 2067 680 2115 momenti,
726 2080 851 2121 quum
885 2066 1141 2122 legislatore-s

139 2137 294 2180 Gallici
312 2137 434 2179 tacite
453 2136 554 2179 hanc
583 2137 765 2192 regulam
787 2137 997 2192 posuerint
1016 2151 1142 2193 gene-

139 2209 296 2259 talem,
328 2206 673 2264 praesumtionem
698 2209 798 2263 juris
843 2218 995 2250 tantum
1025 2211 1140 2260 esse,

1040 2293 1144 2333 quae
