1513 2734
676 139 704 197 (
765 153 814 183 10
876 135 902 187 Ἰ

231 284 352 327 nibus
376 282 567 339 agebant,
598 279 647 321 de
672 266 875 332 spiritibus
902 272 1176 323 coelestibus,
1203 269 1252 313 de
1267 269 1356 312 De-

233 370 423 422 miurgo,
460 365 509 406 de
549 363 752 418 principio
791 360 905 400 bono
940 368 982 398 et
1022 356 1142 398 malo.
1203 354 1356 405 Graeci

231 462 372 492 contra
411 449 538 490 acutis
578 444 878 486 delectabantur
919 452 960 482 et
989 438 1246 495 philosophis
1275 437 1356 478 dis-

229 532 522 586 putationibus.
610 527 810 570 Fanaticis
851 525 1015 579 quidem
1063 523 1212 576 pariter
1252 520 1357 561 fere-

229 615 374 655 bantur
423 613 597 654 senfibus
634 622 676 651 et
733 608 1024 663 opinionibus;
1081 618 1174 646 nam
1227 603 1358 644 imbui

231 697 389 750 penitus
418 704 642 749 coeperunt
670 692 935 734 Alexandriae
965 687 1243 730 Orientalibus
1280 684 1360 726 stu-

233 780 322 820 diis.
397 777 477 818 Sed
519 787 724 831 quotquot
764 775 945 817 Graecae
997 773 1159 813 fuerunt
1191 769 1362 824 originis

231 861 484 903 Christianae
545 859 748 908 haereses,
805 855 1054 911 disceptandi
1109 852 1359 899 subtilitate,

232 943 500 999 distinguendi
568 941 804 996 diligentia,
864 937 1131 980 ratiocinandi
1188 934 1361 988 peritia,

237 1027 485 1068 Graecorum
520 1023 682 1077 prorsus
712 1025 971 1076 antiquorum
998 1020 1176 1060 referunt
1206 1016 1365 1071 ingeni-

235 1122 317 1152 um.
372 1107 526 1162 Quodsi
554 1107 634 1160 jam
678 1105 823 1146 oculos
861 1103 1137 1145 convertimus
1161 1100 1210 1141 ad
1234 1098 1362 1141 Occi-

237 1190 414 1232 dentales
438 1189 627 1242 Europae
650 1189 877 1243 regiones,
921 1187 960 1226 in
998 1185 1144 1239 quibus
1183 1182 1365 1224 Romani

237 1273 338 1315 olim
382 1273 503 1327 longe
541 1272 700 1325 lateque
742 1270 900 1312 fuerant
938 1268 1163 1315 dominati,
1218 1266 1367 1307 frustra

238 1355 431 1410 profecto
456 1357 496 1395 in
523 1355 632 1403 hisce
658 1355 885 1408 quaerimus
910 1363 1079 1393 acumen
1110 1349 1213 1390 illud
1251 1350 1368 1403 inge-

239 1441 296 1480 nii
339 1450 379 1479 et
408 1436 952 1492 philosophandirstudium:
984 1444 1153 1482 contra,
1184 1443 1285 1486 quae
1314 1429 1367 1471 ad

240 1520 473 1575 Ecclefiae,
505 1533 704 1574 tamquam
720 1520 882 1573 imperii
905 1517 1097 1571 alicujus,
1120 1513 1366 1555 administra-

242 1607 393 1646 tionem
423 1606 697 1659 pertinerent,
743 1603 840 1643 haec
882 1601 968 1642 illic
998 1611 1039 1640 et
1066 1598 1284 1653 prudenter
1305 1597 1368 1637 in-

241 1687 374 1728 stituta
400 1700 440 1728 et
479 1686 702 1728 constanter
739 1686 889 1727 servata
922 1684 1181 1735 reperiemus.
1241 1678 1370 1735 Quod

241 1771 331 1811 sane
385 1770 564 1824 gentium
616 1770 832 1810 discrimen
871 1768 1001 1808 ansam
1037 1765 1221 1819 inprimis
1259 1762 1372 1804 dedit

242 1853 474 1902 schismati,
520 1865 601 1906 quo
642 1851 787 1892 Latina
827 1850 1011 1891 Ecclefia
1053 1861 1075 1889 a
1121 1847 1278 1889 Graeca
1326 1847 1369 1885 in

242 1948 480 1989 perpetuum
522 1936 706 1975 distracta
737 1947 809 1975 est.
883 1933 1010 1974 Multi
1052 1931 1213 1985 quidem
1252 1928 1369 1969 exsti-

245 2031 404 2068 terunt,
437 2020 505 2072 qui
532 2020 686 2059 animos
708 2018 1032 2059 Christianorum
1059 2013 1278 2057 conciliare
1307 2013 1368 2052 ni-

244 2093 449 2152 terentur;
495 2102 560 2142 scd
595 2101 739 2142 frustra
776 2101 976 2142 tentarunt
1016 2100 1226 2148 homines,
1257 2094 1370 2151 quod

244 2187 425 2240 gentium
467 2184 594 2226 indoli
633 2195 886 2240 repugnaret.

1293 2259 1373 2303 Sed
