1513 2734
715 142 936 199 (28)

261 282 301 324 se
326 283 449 335 posfit
477 292 517 322 et
544 279 682 321 efferre
713 283 872 330 oratio,
918 279 943 320 fi
981 291 1030 320 ne
1059 280 1098 319 in
1129 280 1190 321 his
1218 279 1379 334 quidem

258 364 351 418 ipfis
395 364 580 408 Bataviae
609 362 794 412 civibus,
838 364 906 416 qui
944 374 1011 403 aut
1047 361 1135 403 aliis
1166 364 1204 402 in
1231 363 1381 404 artibus

258 445 522 495 excolendis,
552 456 617 486 aut
645 447 685 485 in
714 445 885 499 gerendei
913 443 1146 498 republica,
1175 446 1279 485 vitae
1305 458 1380 499 po·
1434 484 1436 486 ,

256 527 412 568 fuerant
461 526 785 576 tabernaculum,
831 528 859 567 ii
884 526 1122 577 defuerunt,
1154 529 1251 581 qui,
1289 514 1382 568 reli-

257 611 391 664 gionis
435 610 520 650 act&
548 610 687 660 causti,
718 622 918 663 nunquam
944 611 1281 650 intermorituram
1309 609 1383 650 fibi

256 690 401 731 famam
445 692 692 745 quaefierint.
763 691 944 746 Quales,
990 693 1030 732 in
1073 692 1148 732 unffi
1179 692 1253 734 hac
1282 691 1383 732 urbe

254 771 707 827 Rheno-Trajectinfi,
762 774 839 814 unzi
902 786 1131 814 nostrorum
1186 774 1383 816 memoria

255 855 512 907 aequalium,
556 855 626 915 nisi
669 855 833 908 plures,
864 867 903 896 at
945 868 1081 896 ternos
1121 867 1228 897 certe
1259 855 1383 897 fuisse

256 936 405 987 Viros,
451 939 636 978 novimus
666 950 816 978 omnes.
877 937 962 979 Nifi
1004 939 1093 991 quis
1121 940 1249 979 nescit
1279 936 1382 978 Hir-:-

252 1032 476 1061 RONYMUM
505 1019 791 1067 ALPHENIUM,
823 1018 966 1058 Virum
994 1019 1155 1058 summis
1182 1021 1222 1059 in
1247 1020 1382 1073 priscz'i

251 1081 462 1155 retmblicfi
490 1101 720 1141 muneribus
751 1099 961 1149 functum,
998 1100 1185 1154 juvenem
1213 1101 1374 1151 adhuc,

252 1185 310 1225 ita
339 1183 610 1224 EBERHARDH
637 1183 824 1223 refutasse
853 1194 1006 1223 errores
1023 1212 1036 1232 ,
1068 1194 1111 1223 ut
1138 1183 1287 1224 summe
1312 1197 1381 1225 ve-

248 1266 411 1306 nerandi
443 1266 607 1320 hujusce
635 1264 874 1306 Academiae
904 1264 1110 1321 Theologi
1140 1265 1261 1306 nullis
1296 1279 1378 1308 non

248 1346 432 1394 laudibus
459 1361 548 1388 eum
579 1348 769 1388 ducerent
799 1348 1164 1389 condecorandam.
1198 1368 1225 1378 -
1256 1348 1375 1404 Quae

248 1442 346 1471 vcro
380 1408 728 1472 PEuPONcHERms
747 1460 759 1479 ,
793 1429 926 1471 Vestri
956 1443 1112 1484 nuper,
1143 1430 1376 1485 amplissimi

246 1513 364 1566 hujus
390 1512 558 1554 Palladis
587 1513 831 1554 Curatores!
864 1512 1031 1568 collegii
1060 1525 1365 1564 ornamentum,
1401 1544 1409 1546 ἡ

245 1607 420 1636 nostram
448 1597 486 1635 in
517 1608 599 1636 rem
630 1596 775 1648 scripta
805 1595 1004 1646 contulit,
1046 1609 1179 1648 nonne
1206 1597 1252 1638 eat
1281 1610 1372 1638 cer-

245 1689 394 1718 nuntur
437 1678 642 1719 doctrinae
671 1677 931 1732 praestantia,
974 1680 1034 1719 uti
1073 1679 1123 1720 ab
1165 1680 1214 1719 iis
1252 1675 1370 1721 etiam

243 1762 368 1813 ipfis,
401 1762 470 1813 qui
499 1772 580 1801 non
609 1762 650 1800 in
681 1761 869 1802 omnibus
897 1761 999 1802 Viro
1027 1761 1371 1815 putentillustris-

243 1843 341 1883 fimo
380 1843 461 1884 esse
491 1843 806 1893 assentiendum,
850 1854 889 1884 et
933 1843 1116 1898 legantur
1148 1855 1189 1885 et
1216 1843 1368 1885 collau-

240 1926 416 1966 dentur?
472 1948 511 1956 -
569 1925 683 1980 Quid
729 1925 917 1966 Vestrum
961 1925 1105 1976 illum,
1163 1925 1368 1968 clarissimi

240 2008 462 2062 Collegae!
520 2008 741 2049 Bsstcmum
783 2008 1078 2050 CALKOENIUM
1117 2021 1364 2060 memorem,

240 2092 338 2143 qui,
371 2104 461 2130 cum
492 2091 774 2130 Astronomiae
805 2091 948 2144 peritia
967 2130 970 2133 ,
989 2092 1101 2133 suum
1129 2090 1364 2133 immortali·
1409 2077 1413 2082 ’

244 2173 314 2213 tati
338 2185 485 2214 nomen
514 2172 833 2225 commendarit,
865 2186 947 2215 non
977 2174 1051 2217 hac
1079 2186 1208 2216 tamen
1237 2175 1363 2227 magis

1278 2254 1362 2297 lau-
