1513 2734
519 187 775 245 (117)

86 327 281 383 publicis.
341 325 433 368 Nec
463 326 614 378 video,
646 326 786 381 quidni
830 322 982 366 Pilatus
1025 321 1074 363 de
1109 319 1201 375 Jesu

88 410 219 440 morte
245 397 562 453 pervulgataque
604 397 910 440 resurrectionis
946 395 1052 436 fama
1093 391 1201 434 aliis-

86 480 167 522 que
206 468 428 516 περιςοὲσεσι
469 471 752 522 imperatorem
795 466 1013 509 reddiderit
1054 464 1203 504 certio-

86 551 186 579 rem.
247 538 357 579 Cum
390 531 488 578 vero
513 539 635 580 hodie
665 538 773 579 illius
801 538 930 578 nuntii
956 534 1058 575 nihil
1089 533 1205 587 quid-

45 624 50 627 ⁴
87 620 209 662 quam
251 607 416 661 superfit
454 605 565 662 (Ι),
589 609 659 656 ,ἀρ
701 608 786 661 ejus
837 616 1075 662 argumento
1118 615 1204 644 cer-

89 680 121 718 ti
150 678 248 731 quid
275 677 391 718 nullo
422 678 547 719 modo
572 678 685 719 statui
721 689 858 731 potest
888 676 983 732 (ε).
1044 674 1210 716 Certio-

87 761 152 788 res
196 747 285 789 sunt
327 759 448 788 testes
489 750 683 800 omnique
723 748 974 790 dubitatione
1004 747 1205 800 majores,

86 830 195 871 quos
225 818 369 858 deinde
399 819 554 868 laudat,
584 818 677 872 Jesu
698 818 940 873 Apostolos.
1002 817 1104 859 Sunt
1120 818 1210 871 qui-

86 888 182 928 dem
206 900 383 942 pauca,
429 900 531 941 quae
573 887 688 930 affert
729 902 779 931 ex
818 891 896 939 iis,
942 900 1044 943 quae
1089 886 1213 928 hodie

89 958 267 1013 proferri
295 957 426 999 solent
451 958 501 999 ad
525 958 670 1000 horum
702 960 822 1002 fidem
851 960 1090 1001 historicam
1117 970 1214 1010 pro-

94 1029 297 1079 bandam3
330 1042 432 1082 quae
460 1017 591 1071 tamen
618 1031 811 1081 exhibet,
843 1043 889 1071 ea
924 1029 1060 1071 valent
1098 1039 1215 1082 egre-

90 1102 172 1155 gie.
231 1099 463 1153 Apostolos
490 1102 598 1142 enim
641 1101 762 1142 fuisse
798 1112 938 1142 monet
964 1111 1087 1141 testes
1114 1110 1214 1139 ocu-

90 1169 224 1221 latos,
255 1172 326 1224 qui
353 1170 477 1211 multa
502 1171 633 1212 essent
661 1173 837 1225 perpessi
868 1171 1074 1224 ipsamque
1103 1181 1213 1209 mor-

89 1251 174 1282 tem
198 1241 313 1281 obire
335 1240 441 1281 haud
463 1240 751 1282 detrectassent
781 1254 857 1295 pro
886 1243 957 1282 suo
984 1240 1033 1281 de
1055 1239 1148 1294 Jesu
1173 1241 1214 1281 in

90 1313 215 1353 vitam
240 1321 435 1352 revocato
452 1312 702 1352 testimonio.
766 1311 962 1365 Reponat
991 1310 1098 1351 forte
1126 1311 1218 1363 quis

91 1380 190 1422 huic
219 1392 484 1436 argumento:
516 1410 546 1434 „
575 1380 772 1435 Apostoli
799 1382 912 1423 fuere
944 1382 1130 1422 homines
1157 1380 1217 1422 fa-

91 1453 217 1494 natici
234 1467 248 1503 3
274 1451 473 1493 fanaticus
497 1465 597 1493 vero
614 1465 827 1506 quousque
846 1455 1080 1494 temeritatis
1094 1464 1218 1506 atque

90 1522 281 1564 audaciae
310 1535 393 1563 non
422 1525 581 1577 proruit
596 1522 646 1565 ἴθ’
678 1523 830 1564 Verum
854 1525 961 1564 enim
977 1536 1076 1565 vero
1098 1534 1144 1564 ut
1160 1534 1218 1563 ta·

88 1606 207 1635 ceam
222 1625 235 1643 ,
261 1606 425 1640 omnem
449 1593 749 1647 Apostolorum
765 1596 888 1635 vitam
903 1609 924 1635 a
939 1595 1124 1637 fanaticis
1140 1592 1218 1633 stu-

94 1663 170 1703 diis
185 1662 416 1717 loiigisfime
430 1663 551 1703 fuisse
567 1663 737 1704 alienam
752 1695 766 1714 ,
794 1666 884 1717 quis
900 1677 1076 1718 unquam
1093 1693 1107 1712 ‚
1133 1675 1217 1704 non

94 1732 191 1773 dico
232 1745 309 1786 pro
343 1743 472 1773 amata
507 1732 678 1785 quadam
715 1733 870 1789 ipfique
895 1746 988 1774 vera
1016 1733 1099 1774 visa
1129 1734 1220 1786 opi-

96 1804 220 1843 nione
250 1803 437 1851 erroris,
465 1802 531 1844 sed
559 1815 637 1857 pro
666 1816 709 1844 re
738 1805 778 1844 in
805 1803 917 1845 facto
931 1804 1061 1857 pofita
1077 1815 1118 1844 et
1131 1804 1222 1845 fim-

95 1873 259 1927 pliciter
305 1873 527 1923 historica,
566 1873 616 1914 ad
648 1885 822 1915 mortem
866 1887 992 1929 usque
1033 1876 1219 1928 pertinax

91 1942 221 1985 fuerit
274 1942 486 1989 mendacii
528 1945 674 1985 testis?
730 1942 922 1998 Denique
961 1944 1120 1986 Christi
1176 1946 1218 1984 in

1161 2015 1222 2056 vi-

145 2077 208 2124 (1)
233 2081 327 2126 Quae
353 2083 438 2115 enim
457 2082 625 2125 hodieque
651 2083 745 2118 Pilati
768 2083 898 2117 nomine
920 2083 1072 2117 feruntur
1096 2084 1223 2127 episto-

99 2140 149 2173 lae
171 2139 302 2172 serioris
328 2141 486 2182 temporIs
507 2140 662 2184 figmenta
686 2141 771 2176 sunt.
800 2141 900 2175 Conf.
931 2141 1221 2183 Tzschirner,

100 2195 167 2228 1.1.
198 2195 230 2229 S.
258 2204 433 2241 115-117.

146 2248 211 2295 (2)
236 2253 338 2287 Conf.
368 2244 632 2297 1<1euker,'1.
662 2256 684 2292 1.
707 2263 819 2292 annot.
840 2254 934 2292 XXI.
