1513 2734
722 58 974 158 (30).

271 242 331 286 vis
370 240 410 283 in
445 237 766 283 Christianorum
793 235 1034 293 disciplina,
1079 237 1279 278 sacrorum
1320 245 1392 278 an«

269 326 413 368 tistites
453 336 618 366 numero
659 323 850 376 plurimi,
909 321 1060 361 meritis
1097 320 1387 380 spectatissimi.

268 405 336 450 Ex
369 420 480 462 quo,
522 406 706 461 primaria
736 405 783 445 de
810 417 880 454 re,
924 387 1146 453 consensu,
1188 402 1298 443 dictu
1329 413 1389 442 est

266 489 531 539 incredibile,
563 501 679 542 quam
709 488 860 542 egregii
890 486 1046 526 fructus
1075 483 1325 534 redundent,
1350 495 1391 529 et

266 573 307 612 in
335 572 585 614 academicae
614 570 735 612 studia
765 570 981 623 prudenter
1006 567 1178 622 regenda
1200 568 1390 622 juventu—

266 656 344 704 tis;
389 666 429 694 et
469 666 565 694 vero
595 655 635 693 in
663 663 841 693 caeteros
865 662 975 693 recte
1011 649 1218 691 docendos
1246 648 1393 690 conso«

263 735 482 789 lan-dosque
525 735 792 776 Christianos.
864 732 1025 788 Quibus
1070 734 1139 785 qui
1177 731 1284 785 apud
1323 744 1392 772 ex-

265 829 373 858 teros
402 818 629 858 obtruditur
655 816 759 858 haud
797 829 886 857 raro
915 815 1120 868 Propheta
1150 813 1391 855 Nasaretha-

265 912 368 950 nm,
408 900 595 954 Judaicae
625 911 775 940 tantum
801 900 960 939 nuntius
1004 898 1248 950 sapientiae,
1296 909 1390 938 curn

266 981 404 1022 divino
456 993 594 1023 nostro
629 979 904 1033 Sospitatore‚
946 992 1105 1033 praeter
1143 992 1265 1020 unum
1317 991 1392 1020 no-

266 1076 384 1113 men,
414 1064 482 1104 vix
509 1062 726 1116 quidquam
754 1073 968 1102 commune
993 1061 1139 1101 habere
1167 1061 1392 1105 censendus

266 1158 341 1187 est.
372 1167 407 1174 -
437 1145 515 1185 Sed
530 1145 634 1186 hunc
659 1143 989 1192 Rationalismi‚
1022 1142 1116 1197 (qui
1134 1145 1268 1197 inepte
1300 1144 1392 1184 satis

267 1225 470 1279 dicitur),
501 1227 605 1280 quasi
633 1226 780 1278 Syrtim
810 1227 878 1279 qui
907 1225 1100 1273 volebant
1127 1227 1306 1276 evitare,
1340 1239 1390 1268 ex

266 1309 348 1350 illis
369 1309 474 1351 haud
494 1322 644 1362 paucos
668 1309 773 1350 varia
800 1309 955 1350 ratione
984 1309 1025 1349 in
1053 1310 1243 1350 contrarii
1271 1321 1390 1350 erro-

267 1394 321 1434 ris
348 1392 531 1433 incidisse
560 1391 738 1432 videmus
768 1391 1031 1444 Charybdim.
1091 1391 1177 1432 Alii
1206 1393 1312 1432 enim
1342 1393 1383 1431 in

268 1475 459 1517 humanae
501 1475 664 1514 rationis
693 1473 1166 1527 dotempulcherrimam
1207 1485 1287 1515 tam
1328 1475 1388 1514 in-

266 1557 434 1611 juriosas
457 1556 604 1611 jactare
630 1569 752 1597 voces
781 1556 1059 1607 instituerunt,
1103 1568 1148 1597 ut
1174 1556 1222 1597 de
1253 1557 1390 1598 homi-

270 1652 320 1678 ne
362 1640 563 1679 hominem
603 1638 744 1679 tollere
777 1639 881 1680 haud
921 1640 1063 1693 injuria
1110 1642 1384 1694 arguerentur.

272 1720 358 1776 Qui
391 1723 625 1761 nostratium
655 1733 804 1762 tantum
833 1734 913 1762 non
944 1723 1123 1762 omnium
1154 1721 1390 1776 disciplinae

273 1805 300 1845 fi
325 1803 529 1844 docendos
559 1804 596 1844 se
623 1803 897 1854 tradidissentt,
927 1804 1116 1858 vidissent
1142 1806 1282 1858 utique
1314 1804 1391 1846 bo-

274 1888 315 1926 ni
342 1888 416 1926 viri
445 1898 484 1927 at
513 1899 650 1940 parum
691 1886 931 1940 prudentes,
975 1887 1042 1929 etfi
1081 1887 1129 1928 dc
1170 1889 1248 1937 iis,
1294 1900 1392 1940 quas

276 1967 428 2008 constet
463 1969 543 2022 jam
572 1968 758 2009 divinitus
783 1970 865 2010 esse
894 1969 1138 2024 patefactas,
1168 1970 1392 2020 doctrinis,

276 2062 522 2105 nequaquam
564 2052 708 2091 rationi
734 2063 890 2092 nostrae
917 2052 1112 2107 judicium
1155 2054 1199 2094 fit
1227 2054 1393 2107 permit-

279 2133 468 2183 tendum3
510 2133 559 2174 ad
600 2133 748 2174 librum
785 2145 913 2176 tamen
949 2135 1225 2177 inveniendum
1253 2149 1298 2176 ac
1323 2134 1395 2176 de,

1279 2228 1394 2258 mon-
