1513 2734
581 156 805 213 (73)

123 297 490 346 commemoratio,
533 295 809 338 Tertullianus
846 298 925 337 ita'
954 296 1140 338 refellere
1184 295 1262 338 stu·

123 363 217 411 det,
260 376 303 405 ut
338 367 534 419 primum
571 367 847 408 celeberrimis
874 368 1099 420 quibusque
1125 366 1264 420 philo-

121 432 260 486 sophis
287 437 492 488 antiquiS,
539 450 631 478 cum
669 450 801 478 rerum
837 437 1155 492 gravissimarum
1188 436 1263 478 sci-

120 506 255 553 entia,
290 517 372 546 turn
402 519 558 547 morum
583 508 820 559 probitate,
852 505 1108 548 Christianos
1129 506 1266 547 laudet

120 575 347 628 superiores
377 575 487 628 (1).·‚
520 577 668 618 deinde
698 591 824 626 vero,
856 577 1053 630 quidquid
1081 575 1268 629 philoso-

121 645 191 698 phi
221 646 324 686 bene
339 646 578 695 docuerint,
603 660 674 688 eos
689 647 865 689 sumsisse
889 647 1108 688 contendat
1137 659 1159 686 e
1186 645 1268 686 Ve-

120 717 216 755 teris
250 716 446 756 Foederis
490 718 650 771 scriptis
692 729 812 770 atque
849 717 898 757 ad
940 718 1051 758 suum
1090 716 1268 772 fingulos

120 786 397 839 composuisse
420 788 626 840 ingenium
641 785 748 841 (2);
783 786 960 840 denique
976 798 1108 828 autem
1124 785 1268 828 Chris-

120 859 320 897 tianorum
354 856 551 909 placitum
594 859 643 898 de
687 857 966 898 resuscitandis
996 858 1192 906 mortuis,
1225 865 1286 897 ert⁴

119 929 170 968 ab
211 927 527 968 adversariorum
571 929 651 969 risu
692 928 1097 982 dubitationibusque
1134 927 1267 968 vindi-

121 1010 214 1048 cet,
247 1008 288 1039 et
309 999 555 1052 argumentis
582 999 734 1052 probet
763 1012 809 1040 ac
828 997 1154 1040 commendabile
1178 999 1268 1040 red-

121 1069 187 1110 dat
219 1067 315 1123 (3).
1172 1060 1175 1064 ’

178 1139 492 1193 Ιηςιιίτεηῑίὂιις
540 1139 661 1180 nobis
702 1140 744 1180 in
780 1150 970 1181 veterum
1001 1135 1267 1195 philosbplzo-

119 1221 219 1249 rum
242 1208 291 1248 de
321 1208 446 1249 rebus
468 1209 734 1262 gravis-finds
753 1212 928 1271 placita
945 1241 957 1260 ‚
988 1213 1087 1251 mira
1113 1213 1271 1252 animus

120 1279 292 1320 afficitur
323 1278 506 1319 sensuum
537 1282 743 1320 varietate.
805 1280 871 1321 Ex
899 1292 1013 1334 parte
1039 1282 1146 1322 enim
1173 1294 1270 1322 cum

120 1348 324 1403 ejusmodi
367 1350 469 1398 sint,
515 1360 560 1391 ut
598 1362 666 1392 aut
698 1350 890 1392 futilitate
927 1351 1132 1392 fastidium
1161 1352 1270 1405 pari-

121 1431 217 1468 ant,
263 1431 331 1460 aut
361 1415 575 1474 ‘impietate
605 1422 830 1462 *horrorem
867 1424 1086 1469 incutiant,
1132 1424 1186 1463 ita
1210 1434 1269 1463 ,ex

52 1534 55 1535 ⁷
120 1501 234 1542 parte
273 1491 450 1531 animum
493 1491 533 1531 in
563 1492 869 1533 admirationem
893 1494 1078 1545 rapiunt,
1110 1505 1155 1534 ut
1183 1505 1268 1532 non

121 1562 172 1601 ab
228 1561 394 1601 homine
434 1562 612 1614 quodam
660 1563 872 1604 videantur
921 1562 1138 1616 profecta,
1199 1562 1268 1603 sed

123 1631 173 1670 ab
218 1631 308 1684 ipso
351 1631 462 1672 Deo.
553 1631 667 1686 Quid
710 1634 848 1681 enim,
889 1633 1068 1686 quaes0‚
1129 1632 1270 1674 Plato-

120 1703 184 1741 nis
228 1700 308 1755 (4)
352 1702 653 1756 Ciceronisque
693 1699 773 1758 (5)
815 1702 878 1742 (ἴθ’
918 1704 1144 1743 animorum
1193 1704 1270 1744 im-

122 1771 381 1831 mortalitate·
395 1774 739 1827 disputationibus
755 1806 768 1826 ,
801 1777 900 1829 quid
924 1776 1105 1818 Socratis
1122 1773 1202 1830 (6)
1219 1776 1270 1816 de

1183 1846 1267 1888 Dei

167 1919 232 1966 (1)
254 1923 381 1967 Apolog.
405 1933 436 1957 c.
457 1924 515 1967 46.

123 2003 127 2019 r
168 1978 233 2024 (2)
259 1981 384 2024 Apolog.
409 1990 439 2015 e.
463 1991 518 2028 479

167 2034 233 2081 (3)
256 2037 386 2081 Apolog.
410 2047 441 2072 c.
464 2040 521 2080 48.
563 2067 572 2079 ,

167 2090 233 2137 (4)
257 2094 357 2127 Conf.
387 2094 547 2138 imprimis.
572 2094 643 2138 ejus
671 2096 829 2133 Phaedon.

170 2145 236 2192 (5)
260 2151 361 2184 Conf.
391 2152 510 2187 Tuscul.
545 2153 678 2196 Quaest.
708 2156 736 2188 1.

169 2204 234 2251 (6)
257 2207 359 2244 Conf.
388 2209 417 2242 X
431 2218 449 2243 e
460 2219 544 2255 nop
555 2211 575 2244 h
586 2222 638 2246 on
650 2237 660 2253 ,
683 2214 862 2248 Memorab.
878 2213 920 2249 L.
932 2213 959 2249 Ι.
970 2223 1001 2250 e.
1016 2225 1050 2260 4.
1064 2214 1106 2250 L.
1119 2215 1175 2251 IV.
1191 2225 1224 2250 c.
1239 2226 1270 2259 3.
