1513 2734
553 139 779 196 (61)

104 272 207 317 disse
230 275 412 319 videatur
437 279 484 321 ad
510 274 743 324 sententiam
772 284 1062 327 nonnullorum
1093 279 1235 330 recen-

105 359 282 409 tiorum,
315 363 384 414 qui
413 364 652 408 morborum
683 368 880 423 originem
919 382 968 410 ex
1012 370 1128 412 causa
1166 373 1236 413 'lo-

102 440 211 490 cali,
243 439 482 500 plerumque
515 448 846 501 inflammatoria,
875 451 1129 505 derivantes,
1175 444 1237 496 hi-

99 523 286 566 rudinum
322 527 589 580 applicationi
634 533 809 586 palmam
854 534 1034 576 tribuere*
1073 537 1234 590 solent3

99 605 273 658 deinde,
330 621 374 650 ut
426 612 663 655 sententiam
704 616 813 657 suam
860 617 1078 660 sufficiente
1134 620 1247 662 alio-⁴

96 700 186 729 rum
240 691 545 736 observatorum
600 700 842 740 auctoritate
888 699 994 742 haud
1034 701 1237 744 stabilive-

94 771 176 821 rit:‚
206 772 412 828 denique,
445 788 490 817 ut
520 777 714 820 sermonis
745 781 1043 835 perspicuitas,
1081 797 1124 826 et
1146 785 1235 827 (ἱῐε-Α

94 853 217 895 tionis
246 855 397 897 latinae
419 861 572 911 puritas
595 861 836 917 plerumque
863 865 1119 908 desideretur.

111 948 130 955 ··
151 936 270 993 Quae
295 941 459 993 quidem
490 945 758 987 consideranti
776 945 921 995 Ordini
937 948 1200 993 Medicorum
1216 968 1246 1003 ,·

93 1023 278 1073 quamvis
313 1023 553 1077 scriptorem
593 1026 710 1068 laude
754 1029 921 1084 dignum
958 1032 1144 1085 judicet,
1177 1045 1235 1074 ta-

92 1115 198 1142 men.
227 1105 314 1159 ejus
356 1107 602 1160 opusculum
641 1123 740 1153 auro
779 1112 962 1154 decorari
998 1116 1118 1168 posse
1145 1128 1230 1158 non

90 1184 219 1226 visum
248 1198 323 1244 est.

292 1314 296 1319 st
296 1269 336 1322 J
333 1271 519 1336 adiciam
551 1272 733 1318 Ordinis
762 1274 1003 1322 Literarii.

144 1343 330 1393 Duarum
355 1355 648 1408 scriptionum,
676 1373 775 1413 quas
799 1363 1033 1415 accepimus
1061 1363 1111 1405 ad
1133 1377 1231 1418 pro-

85 1433 256 1486 positam
301 1434 624 1491 Quaestionem:
677 1439 816 1496 Qaam
856 1446 942 1486 vim
989 1447 1033 1487 in
1088 1449 1226 1491 vitam

84 1513 378 1560 Romanorum
419 1520 691 1570 domesticam
736 1524 984 1570 habuerant
1012 1530 1225 1572 victoriae

84 1597 133 1638 cle
163 1597 414 1644 Tarentinis
432 1633 444 1652 ‚
477 1613 568 1646 tam
607 1604 748 1648 etiam*
777 1608 827 1650 de
859 1610 1074 1663 Graeciae
1091 1622 1227 1668 popu·

82 1681 138 1722 lis
169 1692 211 1724 et
242 1683 292 1724 cle
323 1683 626 1729 B‘Iacedonibns
657 1693 948 1744 reportatae?

104 1778 119 1797 ³*
138 1765 307 1817 Altera,
349 1769 467 1811 nullo
509 1771 704 1827 inscripta
756 1774 974 1828 symbolo,
1024 1779 1228 1833 incipiens

81 1848 241 1888 verbis:
279 1848 552 1907 Quamquam
570 1854 730 1897 domini
745 1858 1000 1912 incipienti:
1029 1864 1142 1902 omni
1170 1864 1224 1905 fic

81 1929 266 1972 destituta
309 1918 371 1975 est
427 1936 645 1979 disserendi
685 1939 896 1995 diligentia
940 1955 982 1983 et
1027 1947 1226 1989 orationis

81 2012 464 2068 commendatione,
510 2031 556 2061 ut
598 2033 760 2074 praeter
815 2016 1067 2068 voluntatem
1120 2029 1223 2069 nihil

81 2096 329 2150 magnopere
385 2100 560 2154 habeat,
618 2106 732 2160 quod
791 2106 1033 2151 laudandum
1086 2111 1222 2153 videa-

83 2187 159 2219 tur.

1044 2327 1048 2330 .
1099 2273 1215 2317 Lon-
