1513 2734
679 134 903 192 (24)

225 273 256 320 ti
287 279 402 328 sunt,
445 290 511 337 aut
541 279 688 331 morbo
714 274 848 322 affecti
890 279 1085 330 delirant,
1131 281 1362 334 perturbata

223 362 308 402 esse
335 373 485 416 potesta

280 444 362 485 Sed
402 455 572 495 vereor,
604 457 653 485 ne
682 439 744 486 his
772 448 939 488 interius
978 444 1240 503 indagandi5‚
1285 447 1360 488 ob-

219 521 449 568 scuritatem
479 529 691 569 contrahat
706 531 864 580 oratio,
897 543 990 572 cum
1016 530 1226 583 popularis
1243 530 1328 570 esse
1346 561 1359 579 ‚

220 620 263 649 et
290 611 470 651 omnium
496 613 632 664 captui
661 613 970 654 accommodata
1004 613 1163 672 debeat.
1200 648 1201 651 ,
1224 612 1360 668 Quare

218 692 329 733 hune
356 692 495 734 locum
525 695 579 734 ita
605 694 908 736 concludamus.

276 774 406 829 Quod
434 777 460 817 fi
487 776 585 817 licet
612 777 821 827 dubitare,
852 778 936 819 esse
951 778 1127 819 animum
1150 787 1359 827 nostrum,

215 859 289 912 qui
319 858 427 899 suam
465 859 641 900 declarat
681 860 943 913 praesentiam
985 861 1025 900 in
1063 861 1173 900 omni
1215 851 1256 900 et
1292 872 1361 900 ex*

217 951 329 981 terna
371 952 412 981 et
453 943 608 982 interna
645 944 940 995 perceptione,
985 944 1027 982 in
1066 944 1178 982 omni
1202 943 1360 996 cogita-

216 1023 357 1072 tione,
388 1022 634 1073 affectione,
667 1024 919 1077 cupiditate,
951 1024 1186 1071 voluntate,
1234 1036 1358 1078 quam

214 1116 394 1147 nostram
428 1108 763 1160 perceptionem,
808 1118 987 1147 nostram
1031 1108 1356 1161 cogitationem,

212 1188 498 1242 voluptatem,
543 1189 836 1242 cupiditatem,
868 1188 1156 1239 affectionem,
1211 1189 1356 1230 volum

214 1282 337 1322 tatem
364 1282 406 1311 et
425 1272 684 1326 agnoscimus
714 1284 755 1312 et
780 1272 1035 1325 appellamus
1052 1304 1066 1323 ,
1110 1272 1241 1312 multo
1273 1286 1355 1312 ma-

211 1355 275 1409 gis
304 1353 486 1395 dubitare
511 1353 636 1404 licet,
667 1354 752 1395 esse
779 1357 985 1396 materiam
1002 1385 1015 1405 ,
1042 1355 1125 1395 esse
1150 1368 1354 1409 corporat,

210 1437 406 1479 mundum
449 1445 687 1487 externum,
733 1451 835 1491 quae
876 1438 982 1478 suam
1027 1449 1178 1479 tantum
1219 1437 1353 1478 decla-

210 1532 299 1561 rant
348 1519 637 1574 praesentiam,
691 1521 852 1575 quando
908 1522 950 1560 in
1007 1524 1154 1576 organa
1212 1532 1352 1561 nostra

208 1609 346 1658 agunt.

206 1685 210 1688 ’
264 1687 457 1728 Attamen
480 1685 624 1728 tacitus
651 1688 867 1741 praeterire
893 1699 974 1727 non
1004 1686 1195 1740 possum,
1240 1686 1349 1738 Phy-

206 1770 325 1811 ficam
350 1783 372 1809 a
395 1769 670 1824 Pfychologia
698 1770 782 1823 ipsa
824 1771 979 1811 suarum
1009 1771 1168 1810 ‘virium
1210 1772 1348 1810 notio-

172 1862 299 1904 Vnem
341 1846 583 1894 desumfisse'.
644 1853 688 1893 In
716 1854 825 1893 omni
863 1864 977 1894 motu
1015 1852 1247 1894 voluntario
1274 1866 1346 1906 pe-

207 1935 301 1976 dum
318 1966 331 1984 ‚
363 1948 550 1977 manuum
567 1966 580 1986 ‚
611 1936 777 1977 aliarum
811 1937 986 1988 partium
1004 1936 1202 1989 *corporis
1225 1937 1346 1977 nobis

204 2018 362 2060 conscii
404 2019 564 2068 sumus,
608 2031 683 2059 nos
698 2042 722 2070 ,-
755 2019 798 2059 id
840 2031 901 2058 est
927 2020 1102 2059 animum
1129 2031 1344 2070 nostrum,

206 2102 350 2143 horum
409 2115 592 2143 motuum
645 2114 686 2142 et
725 2103 993 2142 mutationum
1029 2102 1112 2142 esse
1157 2101 1343 2150 causam,

203 2197 272 2234 aut
298 2185 418 2226 nobis
443 2186 526 2227 esse
553 2187 636 2227 vim
675 2185 872 2240 quandam
887 2195 905 2236 ‚·
943 2185 992 2226 ad
1034 2185 1131 2226 haec
1168 2185 1342 2227 efficien-

1293 2268 1342 2309 da
