1513 2734
63 1637 66 1647 ·
96 1630 194 1660 .ceat
221 1630 295 1672 per
335 1612 556 1660 remedium
576 1650 590 1670 ,
634 1621 749 1674 quod
774 1631 946 1661 vocatur
979 1621 1112 1661 tierce

423 102 702 198 (95)

96 283 176 325 biti
203 280 338 337 plui-es
369 281 442 324 fint
469 281 699 325 debitores:
731 289 826 326 tun'e
853 283 962 324 enim
989 281 1105 325 debit

81 364 184 395 ,tum
226 352 383 405 semper
425 358 549 393 unum
588 354 778 410 idemque
819 355 903 396 esse
944 356 1105 410 pergit,

95 434 139 469 et
164 423 339 478 quisque
367 421 529 464 debitor
557 422 607 465 de
633 426 794 481 integro
821 424 963 466 debito
991 436 1104 466 tene*

97 504 164 535 tur
193 489 300 546 (1):
345 492 507 545 quando
537 495 661 549 igitur
691 494 883 536 sententia
910 494 997 536 'lata
1039 506 1104 538 est

96 564 140 605 in
183 563 302 604 unius
343 562 553 612 favorem,
588 576 647 604 ea
690 563 770 605 lata
800 565 943 619 sponte
984 564 1104 606 intel⁶

97 633 242 687 ligitur
307 632 357 673 de
419 635 582 689 integro
651 633 793 675 debito
861 635 1104 686 individuo,

96 702 283 756 adeoque
352 704 544 745 omnibus
612 703 780 758 reliquis
847 704 1106 748 debitoribus

97 784 143 814 ut
192 774 344 826 profit,
398 774 569 815 necesse
609 786 696 815 est:
738 774 845 816 idem
884 776 998 828 quod
1025 777 1105 819 cir·

96 856 146 885 ca
187 841 393 884 solidarius
436 843 710 900 obligationes
747 847 986 902 contingere
1029 846 1105 887 do*-

96 925 194 957 cent
242 915 320 954 viri
355 914 467 955 docti
514 912 610 969 (2).
699 914 781 968 V.)
817 904 885 958 De
919 918 1107 958 debitore

97 982 316 1038 principali
345 994 386 1025 et
427 983 729 1039 fidejussoribus
756 986 912 1028 nullum
942 987 1108 1041 quidem

99 1055 269 1096 dubium
300 1065 389 1104 est,
432 1056 530 1108 quin
557 1069 635 1109 pro
661 1055 803 1097 iisdem
829 1058 1011 1111 personis
1038 1058 1109 1099 ha-

99 1125 225 1167 bendi
257 1127 358 1176 fint,
406 1127 567 1179 quando
594 1140 671 1180 pro
699 1127 884 1169 debitore
913 1128 1110 1168 sententia

100 1194 182 1237 lata
219 1207 308 1246 est,
352 1209 476 1250 quum
522 1197 723 1253 obligatio
763 1198 1012 1253 fidejtissoria
1037 1210 1108 1239 ne-

100 1274 183 1321 que
209 1277 348 1320 potest
375 1266 587 1310 subsistere
616 1271 694 1312 fine
724 1268 978 1324 obligatione
997 1269 1108 1322 prin·

45 1336 48 1338 ’
101 1337 256 1391 cipali,
287 1350 421 1391 neque
453 1339 493 1379 in
525 1340 652 1395 majus
683 1340 862 1381 debitum
891 1339 1107 1389 contrahi,

100 1409 163 1449 uti
189 1407 387 1449 docemur
416 1421 509 1450 cum
535 1408 632 1465 Jure
658 1409 851 1452 Romano
879 1407 984 1464 (3),
1023 1421 1107 1450 tum
1145 1421 1288 1468 Quando

100 1477 362 1534 legislatione
391 1478 555 1521 Gallica
581 1479 678 1535 (4).
747 1480 828 1521 Sed
860 1482 994 1535 magni
1023 1492 1111 1520 mo·
1125 1467 1310 1547 ῗξῐῐὶὓξῗθῐὶ

1201 1524 1293 1556 petat

98 1551 243 1591 menti
273 1551 459 1603 quaestio
505 1563 595 1602 est,
640 1562 776 1592 nonne
813 1549 1036 1604 fidejussori
1064 1549 1323 1600 li-remedium.

1126 1604 1218 1647 quod
1239 1606 1323 1637 dici-

1127 1658 1181 1682 tur
1193 1653 1295 1683 tieret

103 1686 328 1744 oppofition
353 1688 465 1743 (5),
509 1689 715 1744 appellare
738 1689 924 1731 adversus
955 1690 1110 1731 senten·
1126 1695 1299 1740 oppositimx.

137 1788 140 1791 ,
267 1787 270 1790 .
1015 1771 1112 1802 tiam

146 1858 211 1906 (1)
235 1859 310 1895 vid.
339 1860 361 1894 l.
391 1871 424 1895 2.
444 1858 488 1905 ff.
516 1861 555 1895 de
576 1832 672 1896 berb.
708 1862 802 1906 oblig.
845 1871 880 1896 et
916 1862 989 1897 Art.
1025 1871 1110 1896 1222

103 1920 173 1959 sqq.
202 1918 273 1952 eod.
293 1917 381 1961 Nap.

145 1971 210 2019 (2)
233 1972 313 2008 Vid;
345 1974 369 2007 P
385 1973 470 2006 oth
486 1974 530 2008 ie
546 1984 589 2016 r,
640 1976 700 2021 Op.
729 1976 819 2011 laud.
855 1980 902 2009 11⁰.
935 1983 1029 2019 907,
1073 1982 1110 2007 et

99 2031 636 2079 Toull<ier,l.l.n⁰.205.
1133 2059 1135 2061 -

147 2085 212 2131 (3)
234 2087 310 2122 Vid.
335 2089 403 2131 §5.
430 2087 558 2131 InsLde
581 2090 757 2133 HAejule,
782 2091 805 2124 1.
830 2091 864 2125 6.
892 2091 911 2134 §
942 2100 975 2123 2.
1005 2091 1027 2125 l.
1055 2091 1096 2126 16

101 2144 121 2189 §
147 2154 180 2187 3.
205 2153 240 2177 et
264 2145 287 2178 1.
310 2155 361 2188 17.
383 2143 420 2186 ff.
441 2143 506 2180 eod.
537 2155 572 2180 et
595 2149 613 2191 §
638 2157 694 2190 33.
717 2145 793 2189 Just.
820 2147 857 2180 de
880 2147 1010 2183 Action.

145 2199 210 2245 (4)
235 2200 312 2235 Vid.
337 2201 425 2236 Artt.
449 2212 533 2238 2012
560 2212 595 2237 et
618 2214 704 2247 2013
726 2204 802 2238 Cod.
819 2204 906 2248 Nap.

146 2256 211 2302 (5)
235 2256 312 2293 vid.
331 2258 420 2293 Artt.
439 2269 507 2304 474
522 2280 535 2287 -
547 2271 615 2306 479
643 2262 717 2298 Cod.
743 2261 782 2296 de
798 2262 892 2296 Proc.
914 2261 987 2296 Civ.
