1513 2734
514 145 772 202 (203)

75 283 302 328 ad'diversa
330 294 480 337 puncta
513 286 596 326 esse
624 284 874 339 applicatas,
907 295 1101 327 cum‘nos
1125 292 1207 336 po·-

74 356 295 404 suerimus‚
337 367 473 397 earum
511 356 758 398 directiones
801 357 841 397 in
871 355 976 396 idem
1004 366 1204 408 punctum

73 428 307 469 convenire.

130 495 204 537 IV.
236 496 483 545 Caeterum,
529 499 711 549 quamvis
754 496 822 538 tali
863 496 989 537 modo
1018 508 1081 536 res
1108 508 1207 548 pro-

74 566 220 616 betur,
252 568 279 608 fi
309 568 413 607 vires
436 567 476 606 in
506 568 635 619 spatio
666 569 879 621 dispositae
907 567 1020 615 sunt,
1051 577 1128 606 nec
1147 577 1204 606 ta-

73 650 166 678 men
209 639 339 678 minus
378 637 486 677 valet
531 638 668 678 eadem
722 637 1033 684 demonstratio⁹
1079 648 1205 688 quum

70 709 216 748 virium
245 708 489 748 directiones
515 707 555 746 in
584 709 727 748 eodem
768 708 889 759 plano
935 707 1206 760 comprehen-

70 777 247 826 duntur:‚
280 790 364 830 quo
390 776 481 817 casu
511 777 646 829 anguli
676 791 733 825 γ,
767 780 832 824 γ’,
879 775 978 826 γ”,
1024 788 1127 818 caet.
1158 775 1205 816 fi-

70 858 143 887 unt
169 863 219 892 =
245 847 361 900 90⁰,
420 857 460 885 et
498 849 687 897 aequatio
732 847 812 900 (3)
858 859 881 886 e
926 847 1204 900 superioribus

69 916 379 970 aequationibus
405 916 624 957 evanescit.

128 986 180 1026 V.
213 985 259 1026 In
289 992 401 1026 textu
429 986 600 1040 singulas
628 987 732 1026 vires
763 987 803 1025 in
833 986 929 1027 duas
958 986 1022 1027 vel
1053 987 1093 1026 in
1125 998 1205 1027 tres

71 1056 169 1097 alias
195 1056 552 1109 decomposuimus
569 1087 582 1105 ,
613 1067 654 1095 et
691 1056 784 1097 hinc
814 1058 1037 1098 invenimus
1065 1057 1206 1099 allatas
1226 1104 1241 1108 N

70 1127 357 1179 aequationes,
392 1127 704 1175 confiderand0‚
735 1138 928 1178 quaenam
945 1128 1047 1169 esset
1062 1127 1204 1169 harum

70 1197 215 1236 virium
246 1195 610 1248 decompofitarum
652 1195 850 1246 effectus,
895 1198 922 1238 fi
960 1198 1071 1239 fimul
1111 1211 1206 1253 age-

71 1277 172 1307 rent.
234 1263 329 1305 Hoc
356 1263 455 1305 loco
469 1274 600 1304 autem
618 1265 733 1307 datur
757 1269 944 1320 aequatio
973 1269 1203 1323 generalis,

71 1335 266 1378 exhibens
289 1344 357 1375 aut
385 1332 614 1386 aequilibrii
660 1337 969 1387 conditionem,
1011 1350 1080 1380 aut
1115 1340 1205 1380 uni-

72 1418 165 1448 cum
194 1404 384 1445 effectum
413 1405 594 1446 omnium
622 1407 767 1446 virium
800 1408 1053 1462 conjunctim
1082 1422 1204 1464 agen-

71 1475 196 1515 t-ium:
239 1486 360 1527 atque
401 1473 501 1517 haec
532 1478 719 1529 aequatio
748 1479 802 1518 ita
829 1478 1136 1521 transformatur
1162 1481 1205 1521 in

70 1544 215 1594 aliam,
260 1555 334 1593 ut,
376 1544 490 1598 quod
531 1546 572 1585 in
614 1547 684 1588 illa
722 1548 964 1601 respiciebat
988 1551 1038 1592 ad
1064 1563 1205 1604 quam-

71 1628 231 1669 cunque
276 1616 574 1664 directionem,
617 1618 659 1659 in
700 1618 775 1658 hac
805 1618 854 1659 ad
887 1630 966 1660 tres
993 1622 1086 1662 axes
1115 1633 1204 1661 ree-

72 1685 300 1741 tangulares
330 1685 544 1728 referatur.
605 1685 720 1729 Haec
762 1688 1049 1731 demonstratio
1078 1692 1206 1745 igitur

70 1758 111 1796 in
140 1769 191 1797 eo
220 1755 353 1797 differt
379 1769 400 1797 a
437 1768 575 1798 nostra
603 1757 973 1807 demonstratione,
1018 1761 1130 1813 quod
1157 1763 1201 1802 in

71 1822 141 1864 illa
181 1824 308 1866 statim
347 1828 542 1879 ponitur,
588 1839 728 1868 omnes
771 1830 875 1871 vires
914 1831 1027 1872 fimul
1055 1845 1205 1887 agere,

71 1906 164 1935 cum
197 1905 328 1934 tamen
359 1897 398 1935 in
429 1895 504 1939 hac
533 1897 640 1938 idem
667 1909 749 1937 non
779 1900 890 1951 prius
917 1901 1202 1953 posuerimus,

73 1975 192 2015 quam
231 1964 470 2019 fingularum
510 1968 657 2010 virium
700 1967 867 2010 effectus
897 1970 1018 2012 nobis
1046 1972 1202 2013 consta-

72 2044 176 2073 rent.
562 2088 564 2092 v

128 2102 266 2144 Nemo
321 2115 452 2146 autem
491 2108 593 2159 erit,
639 2109 708 2164 qui
754 2108 857 2151 hanc
906 2110 1200 2157 demonstrandi

69 2174 267 2216 rationem
323 2176 649 2229 praestantiorem
695 2190 844 2234 putet,
888 2182 1000 2236 quod
1038 2183 1088 2224 ad
1139 2184 1200 2224 rei

1115 2254 1199 2308 jus·
