1513 2734
575 146 602 203 (
655 150 737 197 ⁴2811
800 144 826 201 )

305 283 399 341 sori
413 286 862 340 competatremedium
878 314 892 335 ‚
924 282 1033 339 quod
1053 282 1117 325 di-

313 358 428 398 citur
458 358 580 397 tierce
612 356 846 410 oppofition
875 381 919 390 —
951 352 1117 409 quando

312 440 411 468 vero
441 426 672 468 remedium
690 457 702 475 ‚
749 425 858 481 quod
880 432 1029 465 vocant
1056 434 1118 463 re-

313 497 436 550 quete
452 497 573 538 civile
605 525 647 535 .-
672 496 719 537 de
734 494 969 537 actionibus
983 524 996 544 ‚
1013 504 1118 547 quas

311 577 464 608 vocant
505 566 811 621 praejudiciales
847 592 893 603 —
920 563 968 605 de
1007 573 1121 617 parte
1181 578 1192 585 “

312 635 441 685 laesa,
474 650 601 692 quam
632 636 795 678 civilem
823 635 970 676 dicunt
990 633 1035 674 in
1049 633 1123 687 ju-

313 705 437 747 diciis
465 706 775 748 criminalibus.

143 774 168 827 §
198 773 333 817 XVII.
363 774 433 816 De
461 787 614 831 quarto
641 778 744 817 Art.
774 786 873 830 1351
895 771 1091 828 requisito
1109 801 1124 821 ‚

315 846 424 900 quod
447 858 523 886 res
529 848 623 900 peti
647 847 796 889 debeat
825 846 939 887 inter
959 843 1125 885 easdem

305 913 512 970 personas
526 917 570 958 in
587 917 729 959 eadem
745 916 972 972 qualitate.
1033 912 1143 966 Pag.

319 982 542 1039 Quaenam
584 987 757 1031 dicatur
798 985 942 1027 eadem
971 995 1126 1024 earun-

313 1054 403 1096 dem
428 1055 710 1112 pet-fimarum
739 1057 943 1112 qualitas.

143 1122 168 1176 §
198 1121 354 1165 XVIII.
381 1124 450 1165 De
470 1123 810 1180 praesumtione,
844 1137 954 1180 quae
983 1124 1125 1165 oritur

314 1207 369 1235 ex
390 1195 590 1247 partium
621 1194 877 1251 confesstone.

315 1261 516 1318 Confessto
540 1253 860 1321 aeauiparatttr
882 1264 1013 1305 libero
1035 1277 1127 1305 con-

305 1329 451 1389 sensui
482 1364 524 1374 .-
554 1334 745 1391 confessio
773 1345 834 1376 est
856 1335 924 1375 vel
937 1335 1129 1388 judicia-

314 1404 369 1445 lis
385 1405 453 1445 vel
471 1406 828 1459 extrajuclicialis
850 1431 894 1442 -
917 1405 1033 1459 apud
1043 1402 1131 1444 Ro-

266 1474 268 1477 ’
315 1486 461 1516 manos
477 1474 667 1530 confesfio
676 1476 905 1530 judicialis
916 1474 1051 1530 fiebat
1067 1473 1135 1513 vel

315 1539 461 1585 Coram
478 1553 684 1598 praetore
702 1575 714 1593 ‚
747 1546 814 1586 vel
839 1546 884 1586 in
905 1544 1070 1598 judicio
1087 1569 1133 1581 .-

317 1613 366 1651 de
396 1614 618 1667 utriusque
647 1613 905 1668 confessionis
934 1613 978 1653 vi
1007 1640 1051 1648 -.
1080 1611 1130 1651 de

317 1680 518 1722 doctrincl
533 1683 653 1736 juris
674 1684 808 1724 nostri
824 1681 964 1736 quoad
976 1679 1131 1736 confes-

312 1749 465 1803 sionem
493 1781 537 1789 -
566 1753 615 1792 de
643 1752 999 1807 interpretatione
1025 1751 1130 1793 Art.

320 1832 389 1873 54.
421 1822 528 1863 Cod.
558 1823 606 1864 de
636 1822 757 1865 Proc.
788 1822 882 1865 Civ.
905 1848 959 1876 .···
988 1821 1036 1862 de
1067 1822 1131 1863 in-

322 1892 685 1946 terrogationibus
729 1918 773 1928 -
817 1893 867 1934 a⁷e
905 1894 949 1934 νὶ
977 1891 1132 1948 confes—

297 1992 300 1994 -
315 1959 443 2014 fionis
474 1962 798 2020 judie-ialisuex
838 1972 976 2004 mente
1013 1962 1136 2003 Codi‹

320 2031 380 2071 cis
411 2030 573 2074 Gallici
604 2062 646 2071 -
677 2033 726 2074 de
771 2031 1014 2087 confesstone
1057 2045 1130 2073 ex-

321 2101 602 2155 trajudiciali
631 2131 674 2140 -
705 2103 754 2144 cle
780 2103 949 2145 verbali
967 2100 1132 2157 ,confes-

311 2169 423 2225 sione
462 2173 796 2231 extrajua'iciali
824 2200 870 2211 —
898 2173 947 2216 de
977 2171 1131 2228 confes-

1173 921 1265 963 103.

1115 1223 1125 1234 .
1175 1202 1267 1242 104.

1193 2240 1272 2298 fi0·
