1513 2734
698 131 919 196 (48)

250 293 314 327 res
354 283 596 326 Academiae
641 283 857 332 omnium,
904 283 973 336 qui
1013 281 1209 322 doctrinis
1243 279 1379 321 favent

247 379 290 408 et
329 368 509 416 artibus,
555 367 843 407 honestissimis
878 366 1061 419 inprimis
1098 365 1215 419 hujus
1267 364 1380 405 urbis

250 451 437 499 civibus,
483 451 551 509 qui
589 460 656 490 aut
690 449 789 501 ipfi,
821 459 889 488 aut
917 461 1089 501 quorum
1118 447 1191 488 filii
1218 457 1380 487 nostrae

247 533 491 574 Academiae
517 532 677 573 fuerunt
703 531 878 577 alumni„
936 530 1099 586 Quibus
1131 539 1264 570 autem
1308 529 1381 569 hu-

244 616 310 670 jUs
353 616 464 656 urbis
522 627 654 655 rerum
709 613 1106 654 administrandarum
1151 612 1384 653 demandata

248 709 310 738 est
332 697 575 747 Provincia,
608 698 657 738 iis
684 697 966 738 commendare
990 695 1250 737 Academiam
1279 694 1386 735 haud

248 780 412 821 necesse
456 780 539 821 esse
576 791 692 833 puto.
753 779 819 820 Illi
848 782 980 828 enim,
1013 791 1115 832 quae
1149 790 1210 819 est
1243 790 1386 818 eorum

249 863 461 917 prudentia
491 874 531 903 et
558 862 656 903 fides
684 864 723 902 in
764 862 1049 916 perfungendo
1089 861 1160 901 suo
1190 873 1385 910 munere,

248 958 300 986 eo
321 947 485 1000 majore
520 945 676 995 studio,
721 946 770 985 ad
808 945 1040 998 exemplum
1069 939 1385 999 gubernatorum

250 1028 362 1068 urbis
393 1027 664 1069 Gandavenfis
695 1039 736 1067 et
767 1027 1088 1080 Groningenfis,
1126 1028 1167 1066 in
1210 1036 1297 1066 eam
1321 1025 1394 1075 -fes

250 1121 418 1158 rumur,
451 1123 534 1163 quo
560 1111 688 1164 magis
719 1111 811 1163 ipfis
841 1110 1068 1163 persuasum
1100 1121 1185 1158 θεῖ,
1229 1109 1387 1150 Acade-

250 1194 352 1233 miae
385 1192 643 1247 Trajectinae
672 1192 845 1246 gloriam
888 1204 929 1232 et
964 1193 1202 1246 dignitatem
1243 1193 1388 1232 redun-

246 1276 340 1316 dare
378 1277 418 1316 in
459 1276 601 1316 urbem
637 1275 761 1328 ipsam
814 1274 1115 1329 Trajectinam5
1162 1282 1202 1315 et
1258 1287 1385 1323 vero,

247 1359 360 1412 quod
386 1359 530 1399 addere
560 1358 690 1407 licet,
725 1358 843 1412 hujus
869 1359 981 1398 urbis
1010 1357 1254 1412 vectigalia,
1288 1358 1389 1398 civi-

247 1455 398 1495 umque
440 1441 748 1495 prosperitatem
789 1441 1007 1482 admodum
1047 1442 1183 1495 augeri
1208 1440 1388 1482 'Acade-

248 1527 351 1566 miae
404 1525 696 1578 prosperitate,
754 1535 794 1564 et
838 1520 1103 1565 studiosorum
1148 1523 1387 1576 frequentia.
1427 1555 1429 1558 Α

203 1622 214 1627 ·’
249 1607 569 1650 ΜιιΙῑίετιιιῑθιῃ
604 1607 734 1647 modis
763 1606 957 1648 studiosae
998 1617 1159 1647 nostrae
1187 1602 1388 1661 jiix‘rentuti

248 1691 399 1740 faveri,
459 1702 578 1743 atque
633 1701 818 1731 externae
862 1689 1106 1730 Academiae
1160 1689 1389 1730 conditioni

248 1775 429 1815 inserviri
460 1785 610 1827 potest.
671 1772 769 1814 Non
793 1774 898 1812 enim
930 1786 1059 1825 pauca
1090 1773 1207 1821 sunt,
1240 1766 1412 1826 quibus'

248 1869 342 1913 eget
369 1857 616 1905 Academia,
656 1855 908 1908 multumque
939 1857 1082 1903 abest,
1115 1868 1158 1896 ut
1182 1856 1256 1896 hac
1284 1857 1324 1895 in
1346 1869 1388 1896 re
1448 1892 1454 1897 .

251 1952 345 1982 cum
369 1939 600 1984 Academiis
628 1938 808 1993 Belgicis
836 1938 1178 1979 Mei-idionaiibus
1210 1922 1389 1979 couferri

249 2023 389 2077 possit.
463 2021 569 2064 Rem
610 2033 776 2062 testetur
826 2022 907 2062 hoc
954 2022 1083 2074 ipsum
1125 2021 1388 2063 Auditorium

199 2154 201 2158 ¹
251 2118 433 2147 nostrum
452 2136 465 2155 ‚
498 2118 590 2147 cum
616 2106 702 2160 ejus
727 2116 916 2158 apparatu
947 2116 987 2144 et
1016 2104 1315 2174 suppellectile.

309 2188 624 2230 Laboratorium
667 2187 912 2230 Chemicum
959 2187 1040 2230 hoc
1085 2188 1248 2243 quidem
1282 2200 1389 2229 anno

1315 2283 1387 2310 no·
