1513 2734
485 139 737 198 (229)

174 279 377 336 Exempla
418 281 581 334 itaque,
627 290 731 333 quae
770 277 1107 326 memoravimus,
1142 277 1196 313 De
1217 277 1297 321 legis

114 349 198 409 lucr
232 351 282 392 ad
324 362 457 405 partes
514 351 653 392 vocari
694 359 914 404 nequeunt.
962 347 1051 388 ·eS
1054 347 1108 398 d,
1122 326 1259 360 “¹⁸³⁰oe

116 421 231 476 quod
260 423 404 463 mirum
430 430 495 461 est
512 450 524 470 ,
568 421 611 461 in
637 431 728 462 toto
754 418 914 461 Codice
954 418 1112 460 nullum

111 491 227 534 aliud
250 492 506 541 recensetur,
536 490 650 544 quod
666 489 734 531 hic
749 491 789 531 in
803 489 964 532 censum
977 490 1115 531 venire

114 549 264 616 posset.
295 562 496 615 Adeoque
511 572 591 614 ope
605 561 949 615 interpretationis
961 571 1012 601 ex
1025 558 1117 601 aliis

113 630 221 673 locis
261 631 457 686 explicari
498 641 704 682 nequeunt
732 629 855 670 verba
884 629 974 670 Art.
1009 641 1116 684 1352

111 700 144 743 ὰ
172 701 303 743 moins
340 701 492 757 qu’elle
525 700 640 742 n'ait
669 697 840 755 refierm‘
873 699 920 741 la
943 707 1118 753 preuve

112 773 349 814 contraire.
438 771 580 812 Potius
609 771 732 825 igitur
759 769 976 811 dicendum
1003 770 1116 811 vide-

113 853 207 892 tur,
252 841 528 898 legislatorem
573 841 614 882 id
647 840 723 885 fibi
755 839 1009 894 propositum
1038 839 1113 880 ha-

113 913 276 963 buisse,
320 925 365 954 ut
405 914 446 953 in
488 922 636 967 genere
661 911 916 964 principium
946 909 1118 964 aliquod

111 991 286 1038 p'oneret
325 983 461 1037 quoad
501 981 822 1034 praesumtiones
863 980 963 1035 juris
990 991 1032 1021 et
1063 979 1116 1020 de

111 1053 230 1107 jure,
261 1052 374 1106 quod
401 1051 450 1092 ad
478 1051 616 1092 causas
657 1049 899 1105 singulares,
945 1051 973 1092 fi
1012 1061 1117 1104 quae

112 1121 219 1162 forte
234 1118 497 1162 occurrerent
513 1152 526 1171 ,
557 1120 753 1174 applicari
772 1119 932 1175 posset,
957 1119 1116 1161 scilicet

111 1191 246 1246 legem
276 1190 351 1247 fibi
381 1191 554 1230 retinere
585 1189 831 1231 ‘facultatem
873 1190 1112 1231 admittendi

110 1262 304 1303 contrarii
340 1260 655 1314 probationem,
686 1260 812 1301 modo
839 1259 912 1301 fibi
950 1261 1113 1314 persua-

111 1329 196 1373 sum
210 1332 355 1374 habeat
371 1362 385 1383 ‚
417 1345 466 1373 ex
496 1332 658 1372 actione
682 1330 875 1385 denegat&
891 1329 955 1370 vel
973 1330 1116 1372 instru-

110 1403 236 1442 menti
263 1399 699 1443 nullitate-declaranda
720 1413 803 1442 non
820 1397 947 1441 statim
962 1401 1114 1443 debere

110 1470 443 1525 consequentiam
470 1471 632 1521 valere,
662 1470 796 1512 adesse
839 1464 1108 1524 praesumtio-

110 1551 203 1581 nem
225 1541 326 1595 J'uris
349 1552 391 1582 et
418 1540 468 1582 de
493 1542 595 1597 jure.
666 1540 999 1594 Ceteroquin'de
1029 1533 1108 1583 hfic

111 1609 214 1663 legis
240 1609 504 1663 dispositione
526 1621 644 1650 «recte
660 1640 673 1660 ‚
704 1622 750 1651 ut
782 1606 983 1660 videtur‚'
1001 1611 1108 1652 dixit

111 1677 182 1720 Cl.
207 1678 490 1721 Toullier
517 1676 623 1733 (1):
663 1707 691 1732 „
721 1677 764 1720 Il
788 1678 944 1722 n'etait
971 1680 1109 1722 nulle-

111 1775 141 1801 „
162 1754 284 1790 'ment
311 1745 545 1803 neces-faire
572 1745 836 1803 d'exprin'zer
862 1743 1108 1792 cette‘limz'a

111 1846 141 1872 ‚,
171 1810 338 1867 batim,
370 1819 468 1860 dont
497 1831 547 1860 on
575 1816 813 1873 n’aperfoit
836 1828 920 1875 pas
949 1814 1110 1862 clairc-v

111 1917 142 1943 „
162 1899 285 1930 ment
339 1888 511 1942 l'ohjet:
526 1908 529 1911 r
565 1901 644 1930 car
684 1890 720 1931 il
761 1899 822 1930 est
859 1888 996 1945 assez
1019 1879 1108 1932 ἐνὶ-

113 1989 142 2014 ,,
172 1960 299 2008 dent,
331 1972 438 2014 que,
481 1959 645 2013 quelle
654 1971 732 2014 que
753 1956 840 2013 soit
868 1960 915 2002 la
940 1959 1108 2015 disposi-

113 2039 144 2083 ,,’
172 2020 261 2072 tion
281 2029 322 2070 d'
326 2042 405 2071 une
434 2029 517 2079 loi,
546 2023 594 2072 la
617 2037 778 2085 preuve
807 2031 1025 2074 contraire
1056 2034 1109 2072 ne'

1037 2110 1109 2144 eut

146 2175 227 2223 (ι)
248 2179 272 2214 l.
293 2179 317 2215 1.
337 2174 390 2214 he.
411 2180 469 2216 60.
952 2130 982 2155 ⁹,
1002 2109 1035 2157 p
