1513 2734
499 145 752 207 (¹97)

123 279 284 324 dicibus
323 294 546 328 memoratu
583 288 705 344 digna
742 300 957 332 occurrere
997 287 1120 344 hujus

120 352 463 408 praesumtionum
507 356 657 411 speciei
697 360 894 414 exempla.
971 358 1038 401 Sic
1077 372 1118 402 v.

120 434 184 478 gr.
215 423 256 464 in
283 423 471 472 Codice,
516 441 553 470 c.
598 440 627 470 t.
666 429 772 472 Coele
798 431 848 472 de
878 430 1120 472 Procddure

85 491 289 542 senile,
324 494 518 539 docemur
549 498 653 552 (ι),
681 501 832 543 nullam
859 501 942 542 esse
969 501 1118 541 aliena·

123 563 277 605 tionem
308 564 456 608 factam
483 570 533 610 ab
554 581 630 618 e0‚
662 572 728 612 cui
754 571 1016 625 fignificatum
1033 582 1117 620 est,

119 643 184 672 res
232 633 318 688 ejus
364 637 446 678 esse
486 650 640 680 arresto
693 641 947 694 praeclusas,
990 652 1118 694 quum

119 699 220 742 haec
263 702 456 747 alienatio
483 708 756 760 praesumatur
783 714 823 752 in
850 711 1029 752 fraudem
1059 710 1120 752 le·
1158 714 1159 717 ’

116 771 180 824 gis
224 770 345 814 facta.
435 775 559 818 Idem
585 778 772 822 statutum
815 781 1039 822 invenimus
1076 781 1119 821 in

117 839 281 882 Codice
309 856 348 884 c.
380 855 410 886 t.
439 846 545 888 Coa'e
571 848 621 889 de
649 850 887 892 Commerce
914 849 1021 904 (2),
1066 849 1119 891 de
1168 881 1171 885 ·

114 908 360 954 alienatione
384 913 492 958 facta
517 919 568 959 ab
605 932 684 970 eo,
715 922 785 975 qui
811 920 1005 962 solvendo
1031 919 1118 961 esse

115 979 258 1030 desiit,
303 984 405 1026 intra
445 986 588 1029 decem
631 990 717 1031 dies
751 1002 964 1044 antequam
1015 1003 1117 1032 con·

113 1049 216 1100 stat,
249 1064 339 1094 eum
370 1066 452 1096 non
478 1058 652 1111 amplius
682 1062 766 1103 esse
795 1061 989 1103 solvendo
1018 1060 1115 1117 (3).

172 1120 402 1177 Antequam
430 1139 529 1169 vero
558 1129 667 1174 hunc
697 1131 839 1174 locum
879 1131 1310 1210 mittamu3‚¹Q¹¹³¹¹dffn

114 1192 388 1245 monendum,
421 1209 514 1239 cum
543 1201 860 1252 praesumtiones
881 1203 982 1258 juris
1010 1203 1113 1244 etde
1127 1187 1327 1257 gsg‘fflssaf

109 1259 200 1316 jure
240 1275 322 1306 non
365 1277 516 1310 temere
554 1271 710 1314 admitti
746 1273 947 1323 debeant,
993 1275 1191 1316 etiamnu-

115 1331 268 1373 teme're
293 1347 392 1377 -uon
435 1338 650 1382 dicendum
695 1342 809 1391 esse,
852 1343 984 1400 legem
1015 1356 1115 1387 con-

111 1403 316 1445 ventionis
343 1407 570 1451 nullitatem
600 1411 793 1462 statuere,
825 1414 896 1455 nifi
926 1414 1018 1456 luce
1032 1414 1115 1456 cla-

110 1469 194 1510 rius
239 1473 285 1522 ea
314 1474 363 1515 de
390 1489 433 1517 re
463 1479 631 1522 constet.
709 1482 956 1538 Exemplum
994 1487 1116 1526 nimis

110 1536 244 1580 facilis
287 1543 404 1599 hujus
450 1549 798 1604 interpretationis
840 1554 1032 1595 habemus
1072 1557 1115 1596 in

112 1608 272 1660 scriptis
297 1612 366 1654 Cl.
393 1614 434 1657 D
449 1631 471 1656 e
487 1619 500 1658 l
515 1633 540 1659 v
555 1621 568 1659 i
584 1633 609 1660 n
625 1636 646 1662 c
663 1635 688 1662 o
705 1636 729 1663 u
745 1636 764 1663 r
780 1635 796 1662 t
820 1611 1113 1676 (4)'etAmpl.

111 1674 423 1725 Proudhon
468 1684 578 1740 (5),
626 1702 800 1745 quorum
845 1704 1020 1748 uterque
1062 1706 1114 1736 ex

708 1759 711 1760 ⁷
1033 1763 1115 1805 dis—

157 1849 222 1895 (1)
246 1851 322 1886 Vid.
346 1854 419 1891 Art.
443 1858 520 1900 692.

84 1907 87 1909 ·
158 1904 223 1950 (2)
247 1909 322 1945 vid.
347 1912 421 1948 Art.
442 1924 520 1958 444„
1029 1948 1033 1963 ,

150 1961 222 2007 ’(3)
245 1965 344 2002 Conf.
383 1970 629 2016 Pailliet‚
661 1974 700 2009 ad
736 1975 770 2012 d.
806 1975 849 2010 d.'
871 1977 959 2013 Artt.
982 1979 1046 2021 692
1077 1988 1114 2014 et

111 2029 178 2064 444
192 2045 204 2060 ,
227 2022 340 2065 ibique
367 2027 463 2062 citata
480 2028 612 2066 Judicia
639 2032 758 2067 Curiae
785 2032 977 2076 Cassationis
990 2060 1001 2077 ‚
1025 2045 1112 2079 quae

114 2075 249 2115 dicitur.
547 2110 550 2114 .

156 2133 222 2180 (4)
246 2139 321 2173 Vol.
347 2139 373 2174 Ι.
392 2151 465 2185 pag.
486 2153 562 2187 290.
879 2183 883 2186 .

157 2190 222 2240 (5)
244 2194 342 2232 Cours
366 2197 405 2234 de
430 2199 532 2237 Droit
557 2202 736 2248 Franfais,
759 2205 835 2242 Vol.
858 2207 887 2242 1.
903 2216 977 2251 pag.
1003 2217 1082 2251 231.
