1513 2734
701 148 926 204 (54)

236 285 513 345 dignissimam
540 289 738 345 J'udicavit
769 288 916 340 Ordo,
947 302 1050 344 quae
1091 291 1274 343 praemio
1310 301 1382 337 ot·

238 383 412 415 naretur.
473 373 627 427 Aperta
656 372 844 415 schedula
871 384 1076 428 repertum
1105 385 1165 414 cst
1187 386 1336 415 nomen

430 455 659 498 Gideon
699 455 874 510 Janus
918 455 1192 508 Veniam,
1284 488 1288 491 .

236 536 426 593 Mathefi
467 547 510 581 et
550 537 708 594 Phil-ost
752 538 864 581 Nat.
895 538 1163 581 Candidatus
1189 540 1236 581 in
1263 539 1381 581 Aca-

332 671 335 676 !
614 621 757 664 denzz‘a
783 605 991 677 Leidensi.

234 699 326 758 Qui
353 701 526 756 deinde,
556 707 739 746 examine
766 705 977 755 instituto,
1008 703 1047 746 se
1075 702 1158 746 esse
1185 705 1271 760 ejus
1300 705 1380 748 dis·

235 785 467 828 sertationis
495 799 703 830 auctorem
735 790 904 830 omnino
933 788 1141 843 probavit.

290 869 358 911 Ad
377 873 655 924 quaestionem
682 872 949 913 Chcmicam:
988 869 1233 926 Quaeritur
1256 883 1380 912 accu-

230 961 342 993 rata
395 953 596 1008 Analysis
649 953 851 995 Chemica
915 966 1134 1009 aquarum
1170 955 1380 1007 pluviae,

224 1032 413 1089 fontium
442 1045 484 1076 et
504 1035 732 1090 staminum
763 1036 883 1078 urbis
924 1033 1381 1090 Rheno-Trajectinae

228 1126 275 1159 et
303 1118 408 1173 agri
427 1114 673 1172 suburbani
688 1133 703 1159 .·
735 1129 782 1160 ut
812 1119 909 1160 inde
939 1117 1184 1174 efficiatur,
1228 1119 1376 1174 quales

229 1199 297 1242 ad
338 1208 488 1255 potum
544 1202 839 1256 quotidianum
886 1200 974 1256 sint
1026 1200 1379 1258 saluberrimae,

228 1284 383 1338 qualeg
412 1284 458 1325 in
485 1284 656 1325 artibus
687 1285 941 1339 quibusdam
969 1281 1177 1340 usurpari
1194 1282 1379 1338 possint,

232 1367 383 1421 quales
421 1367 651 1409 evitandae
687 1366 805 1422 fint:
851 1379 971 1408 unam
1017 1368 1180 1420 accepit
1213 1359 1379 1420 respon'-

233 1449 388 1492 fionem
406 1480 419 1500 ‚
451 1451 565 1492 dicto
594 1450 631 1491 C
646 1463 671 1491 u
687 1451 740 1490 vi
757 1452 913 1490 erian
931 1463 957 1490 ο
986 1449 1218 1502 inscriptam
1238 1463 1248 1489 ε
1265 1479 1293 1502 ,,
1310 1448 1380 1490 La
1402 1442 1409 1450 ’

232 1559 263 1585 ,,
295 1530 461 1574 Chimie
488 1542 550 1574 est
575 1546 724 1575 encore
748 1546 828 1575 une
858 1531 1026 1589 science
1062 1542 1175 1574 toute
1209 1532 1378 1587 d'expe'-

232 1640 264 1668 2,
293 1612 480 1657 rience.'’

293 1696 341 1738 In
377 1697 453 1740 hac
496 1701 842 1740 commentatione
884 1710 1027 1741 auctor
1068 1711 1109 1740 et
1149 1699 1377 1740 doctrinam

231 1779 475 1823 Chemicam
503 1782 552 1823 de
585 1782 730 1835 analyfi
760 1795 950 1836 aquarum
980 1783 1181 1824 subtiliter
1205 1794 1246 1823 et
1274 1781 1376 1823 mul·

231 1874 276 1904 to
311 1864 474 1918 judicio
510 1865 728 1919 exposuit,
760 1877 801 1906 et
831 1877 1023 1920 aquarum
1052 1865 1375 1920 Trajectinarum

229 1959 350 1999 quam
402 1947 664 2002 plurimarum
717 1949 892 2002 analyfin
943 1960 1170 1991 accuratam
1226 1949 1365 1998 dedit3

232 2042 353 2083 quam
383 2031 557 2085 analyfin
585 2033 636 2073 ad
664 2031 777 2073 usum
817 2033 1045 2086 practicum
1085 2034 1141 2073 ita
1183 2032 1375 2073 adhibere

230 2112 402 2164 docuit,
433 2126 480 2156 ut
520 2115 631 2157 illam
673 2117 846 2158 maxime
876 2115 1242 2158 commendabilem
1265 2095 1374 2170 judi-

231 2198 384 2239 caverit
437 2198 656 2252 Facukas,
715 2193 908 2255 illiusque
950 2200 1108 2242 auctori
1137 2199 1374 2254 *praemium

1293 2294 1368 2335 ⁰1³-
1399 2332 1402 2336 .
