1513 2734
686 120 714 174 <
774 134 853 176 ,140
911 120 940 175 3

241 261 401 308 minae,
433 269 474 298 et
499 256 712 312 potassae,
749 259 933 312 itaque,
961 260 988 300 fi
1017 259 1214 303 institutas
1240 258 1374 311 analy-

240 329 299 372 ses
342 328 630 382 inspiciamus,
690 327 813 369 facile
863 330 1120 380 videbimus,
1164 332 1259 378 vix,
1303 330 1374 371 nifi

237 410 381 450 aquam
416 396 579 450 pluviae
623 395 719 436 huic
741 396 954 439 'inservire
990 400 1139 452 posset,
1186 400 1374 453 inprimis

235 478 370 510 autem
415 465 540 507 calcis
576 464 670 505 salia
712 471 971 510 continentes
1013 469 1191 510 vitentu'r
1225 481 1368 522 aquae.

235 536 413 578 Minime
449 537 575 590 igitur
598 537 802 586 ,omnium
843 551 969 592 aquae
1000 538 1177 579 fontium
1207 539 1374 579 adhibe·

235 618 377 655 antur,
408 608 547 660 potius
574 618 701 658 aquae
732 605 942 648 fluminum
960 638 974 657 ‚
1020 610 1252 649 nostrarum
1280 607 1374 648 illae

234 689 286 718 ex
310 676 550 721 ,fluminibus
578 675 651 717 lm
679 675 832 731 Cingel
860 691 949 719 acm
977 678 1026 718 de
1059 677 1273 734 Oostztjde
1299 677 1376 717 der

236 747 374 799 Stad,
404 746 477 788 het
505 745 686 788 Zwarte
714 747 871 788 Water
899 759 979 788 etc.
1050 748 1182 788 minus
1210 759 1262 788 ex
1303 746 1376 787 flu-

235 816 416 857 minibus
442 815 491 856 de
516 812 756 869 Vaartsche
783 816 895 874 szn
912 848 925 868 ,
971 778 1021 859 d'e
1053 817 1172 859 Oude
1202 816 1376 859 Gracht

237 897 279 926 et
307 887 357 926 de
388 884 534 927 Vecht.
652 924 653 927 ,
1059 924 1061 926 .
1248 925 1249 928 ,

297 957 363 1006 30.
407 953 659 1007 Applicatio
694 952 1040 1010 substantiarum
1080 957 1375 999 colorantium.

235 1022 325 1064 Hae
356 1023 594 1064 substantiae
634 1024 723 1066 sunt
759 1037 827 1067 aut
860 1039 963 1080 aqua
993 1026 1188 1067 solubiles
1215 1037 1283 1066 aut
1318 1028 1378 1066 in-

237 1093 445 1138 solubiles.
507 1093 717 1136 Solubiles
759 1108 865 1149 aqua
906 1096 1116 1137 solvuntur
1164 1107 1204 1141 et
1242 1095 1377 1138 calefi-

234 1165 381 1210 unt-,ad
414 1176 564 1208 certam
606 1164 993 1222 determinatamque
1036 1177 1376 1220 temperaturam,

237 1245 334 1276 tunc
374 1236 424 1275 iis
459 1237 754 1289 immerguntur
797 1237 989 1290 ‚tingenda
1028 1247 1125 1290 post
1153 1236 1377 1278 dealbatio-

235 1317 327 1347 nem
372 1317 413 1346 et
453 1305 775 1359 applicationem
819 1307 1108 1348 mordentium.
1169 1305 1373 1348 Insolubi-

235 1374 318 1424 lia,
364 1375 565 1416 mediante
622 1378 743 1417 tertio
780 1366 998 1430 empore,
1046 1375 1239 1424 solubilia
1274 1389 1378 1430 aqua

234 1445 483 1495 tedduntur,
530 1445 769 1496 solvuntur,
813 1445 1035 1497 calefiunt,
1073 1459 1115 1488 et
1142 1447 1283 1487 eadem
1309 1458 1369 1486 raa·

236 1516 349 1556 tione
378 1516 637 1558 adhibentur.

295 1584 493 1638 Universe
521 1586 658 1637 itaque
685 1597 789 1636 aqua
816 1585 913 1626 huic
943 1585 1074 1638 scopo
1102 1597 1163 1625 est
1182 1585 1377 1625 adhiben-

238 1656 301 1696 da*
342 1655 577 1709 purissima,
639 1667 762 1708 quare
806 1655 975 1695 omnino
1035 1654 1102 1695 hic
1156 1656 1377 1704 convenit,

236 1739 381 1781 aquam
424 1727 529 1767 nivis
568 1737 637 1767 aut
677 1725 839 1779 pluviae
869 1724 1093 1773 adhibere;
1141 1723 1378 1766 substantiae

237 1799 344 1838 enim
374 1797 607 1839 colorantes
637 1797 793 1849 optime
823 1797 864 1836 in
894 1808 999 1848 aqua
1042 1794 1253 1836 solvuntur
1288 1795 1378 1837 des.-

239 1867 396 1918 tillataz,
427 1867 454 1908 fi
487 1868 609 1923 igitur
638 1879 783 1923 magna
812 1867 933 1920 copia
962 1865 1103 1906 salium
1126 1864 1240 1918 aquis
1277 1877 1378 1906 con-

239 1939 414 1988 tinetur,
458 1937 533 1979 hae
562 1950 647 1978 non
675 1938 745 1979 nifi
778 1945 930 1979 nocere
959 1936 1161 1989 possunt,
1194 1937 1376 1986 etenim,

240 2009 352 2063 quod
380 2009 537 2062 saepius
566 2008 641 2056 fit,
674 2008 806 2061 miuus
836 2007 1025 2048 solubilia
1055 2006 1377 2047 redduntur-co-

239 2079 438 2129 lorantia,
483 2081 568 2120 imo
612 2078 876 2128 insolubilia,
921 2078 975 2119 fic
1017 2079 1140 2132 igitur
1179 2076 1376 2119 non-nili

240 2152 424 2205 repetitis
451 2150 632 2202 vicibus,
678 2149 792 2206 quod
827 2161 907 2191 una
946 2148 1054 2190 forte
1095 2149 1186 2191 vice
1219 2146 1380 2204 perfici·

1299 2228 1376 2270 ΡΟ·
