1513 2734
581 148 836 207 (111)

146 318 177 344 „
205 292 346 340 niantr,
377 288 491 343 quod
517 291 650 345 regnis
677 302 800 345 regna
841 287 1122 343 compulsant3
1153 291 1267 344 quod

144 389 174 414 ,‚
203 361 358 408 fames,
404 371 444 400 et
483 360 599 411 lues,
643 372 685 402 et
717 360 872 403 locales
909 374 1091 415 quaeque
1132 360 1268 404 clades

143 459 174 484 „
204 442 359 472 vastant
373 429 420 482 3⁹⁹
464 430 564 472 haec
603 432 727 487 igitur
776 432 911 472 omnia
954 432 1151 486 pluraque
1189 432 1268 475 alia
1328 481 1332 485 .

143 503 184 542 in
224 501 345 542 sacris
386 500 532 541 litteris
575 513 666 543 ante
708 502 915 555 praedicta
959 501 1044 542 esse
1097 502 1269 547 fidenter

141 571 322 612 affirmat.
383 569 464 611 Sed
499 571 616 611 venia
657 572 704 613 fit
743 572 922 619 oratori,
953 571 1132 615 caussam
1159 574 1269 616 suam

138 640 349 696 judicibus
379 640 743 690 commendatum,
784 639 908 682 facile
944 641 1110 685 modum
1148 655 1271 686 exce-

140 710 267 751 denti.
340 707 506 763 Quibus
557 708 623 750 vel
674 710 728 752 fic
781 720 914 751 tamen
971 723 1055 754 non
1109 716 1268 770 magis,

140 793 262 834 quam
302 779 430 821 modo
469 778 763 833 prophetarum
793 780 998 823 miraculis
1026 783 1278 836 laudandis,'

138 848 374 905 persuafisse
427 849 616 900 videtur,
662 851 817 904 quippe
861 853 932 904 qui
972 864 1014 894 et
1054 854 1132 897 suis
1173 838 1273 917 glos

137 922 344 963 riabantur
403 919 607 970 oraculi8‚
654 919 753 961 olim
798 932 821 961 a
861 919 957 963 Diis
999 924 1149 976 editis,
1193 939 1265 967 ne·

138 1004 218 1046 que
269 1003 294 1032 a
341 988 600 1032 Tertulliano
638 992 719 1031 rite
766 990 1028 1046 impugnatis.
1070 1021 1106 1032 -
1145 993 1265 1038 Hanc

136 1074 300 1112 autem,
360 1073 479 1114 quam
533 1058 712 1101 breviter
760 1060 999 1106 exhibuerat
1052 1077 1277 1122 argumenm

138 1134 273 1187 tisque
313 1130 580 1186 probaverat,
625 1128 679 1172 V.
722 1128 772 1173 F.
816 1131 1044 1177 doctrinam
1087 1148 1132 1177 re
1171 1149 1266 1179 vera

135 1201 273 1244 adesse
312 1213 358 1243 ut
396 1199 631 1243 adversariis
668 1200 931 1256 persuadeat,
974 1217 1047 1247 eos
1085 1206 1264 1262 Judaeo·

135 1286 224 1314 rum
268 1272 493 1328 synagogas
532 1271 644 1313 adire
683 1271 831 1327 jubet,
872 1287 920 1315 ac
962 1288 1165 1329 provocat
1212 1278 1265 1320 ad

133 1344 359 1386 versionem
401 1342 733 1384 Alexandrinam.
794 1342 1093 1389 Tertullianum
1131 1359 1266 1390 tamen

135 1425 222 1454 non
264 1412 350 1454 esse
390 1411 665 1462 audiendum,
697 1424 792 1453 cum
827 1413 886 1456 sui
926 1418 1015 1458 aevi
1053 1416 1263 1470 fabulam,

134 1483 186 1525 de
239 1483 492 1539 septuaginta
536 1484 832 1536 interpretum,
876 1486 918 1526 in
953 1485 1116 1528 cellulis
1151 1489 1264 1542 sepa„

133 1555 230 1594 ratis
269 1553 322 1595 V.
361 1552 411 1596 F.
449 1565 596 1609 graece
629 1555 904 1606 vertentium,
943 1557 1052 1599 miro
1089 1560 1260 1602 consen·

133 1623 207 1673 su,
236 1624 412 1675 referat,
442 1625 547 1665 inter
573 1635 714 1665 omnes
741 1624 897 1666 constat
921 1623 1020 1680 (1).

192 1692 391 1748 Expofita
433 1694 559 1748 igitur
594 1704 637 1734 et
679 1696 852 1749 probata
893 1695 946 1738 V.
985 1695 1035 1738 F.
1075 1696 1262 1741 doctrina

131 1760 408 1806 Tertullianus
440 1763 620 1819 denique
651 1774 785 1807 tuetur
809 1777 851 1808 et
874 1767 1136 1810 commendat
1158 1770 1261 1813 divi-

131 1848 228 1876 num
252 1835 435 1885 cultum,
465 1847 489 1876 a
520 1834 764 1879 Christianis
787 1837 883 1893 Jesu
922 1838 1095 1882 Christo
1131 1842 1260 1884 tribu-

133 1917 218 1948 tum
247 1903 344 1960 (α).

188 1975 299 2025 Cum
339 1973 389 2016 ad
426 1973 667 2030 religionem
707 1977 981 2024 Christianam
1018 1981 1260 2025 accederent

1176 2064 1260 2095 non

177 2133 366 2179 (1)Conf.
389 2135 442 2170 cl.
468 2134 789 2179 Pareau,1.1.
815 2147 852 2184 p.
878 2147 939 2183 72.

179 2189 244 2239 (2)
265 2192 394 2237 Apolog.
416 2200 450 2227 c.
472 2201 529 2229 21.
