1513 2734
128 1122 130 1125 -
169 1109 204 1133 et
231 1109 326 1143 prae-

768 140 993 198 (14)

377 279 463 328 sam
491 279 671 325 dedisseae
703 283 730 323 fi
760 282 883 336 igitur
912 280 961 322 de
985 281 1096 323 facto
1120 282 1170 323 ab
1192 295 1245 324 eo
1261 287 1374 324 comss

385 355 506 395 misso
532 353 713 402 constat,
745 352 888 392 exinde
916 351 1118 405 sequitur,
1151 365 1240 394 eum
1266 353 1374 394 iliius

377 425 525 465 mortis
550 423 705 464 causam
735 420 958 470 exstitisse3
991 434 1110 475 atque
1135 424 1219 465 hoc
1244 426 1284 464 in
1311 425 1374 477 ju-

377 502 425 535 ·re
454 507 530 548 pro
555 495 722 534 veritate
753 493 935 534 habetur.
997 490 1104 531 Cum
1130 504 1260 532 autem
1291 502 1373 533 non

380 562 451 605 nifi
482 563 694 605 verisimile
722 565 791 613 fit,
824 575 945 610 eum,
991 562 1060 613 qui
1091 571 1240 601 certam
1267 574 1374 602 aeta-

376 642 462 674 5tem
504 635 683 674 nondum
728 633 986 686 impleverit,
1032 631 1082 671 ad
1111 632 1276 684 negotia
1303 645 1373 686 ge-

378 703 501 745 tenda
530 715 611 743 non
638 702 728 743 satis
756 703 905 753 idoneo
948 703 1112 756 ingenio
1149 692 1373 755 praeditum

377 774 490 814 esse:
523 773 691 820 exinde,
724 772 835 825 quod
860 772 1035 825 aliquis,
1067 771 1116 812 de
1148 771 1262 825 cujus
1290 771 1373 813 fac-

377 853 423 884 to
447 844 577 884 rursus
604 842 786 889 constat,
817 843 920 881 intra
957 841 1059 881 hanc
1097 853 1266 882 aetatem
1305 855 1374 882 ne-

377 915 490 968 gotia
532 913 598 953 sua
622 913 766 967 gessit,
798 923 880 952 non
913 911 1088 963 sequitur
1119 914 1188 953 nisi
1225 913 1374 966 proba-

378 983 544 1032 bilitas,
588 984 753 1037 negotia
794 976 864 1022 illu
893 993 975 1021 non
1004 993 1055 1021 eo
1086 981 1213 1022 stabili
1232 1013 1244 1031 ‚
1289 996 1373 1036 quo

192 1054 350 1089 Probatio
374 1052 518 1102 decet,
563 1053 727 1107 ingenio
761 1063 872 1106 gesta
916 1052 1011 1092 esse.
1087 1051 1194 1093 Illud
1238 1059 1373 1094 autem

376 1124 662 1171 ratiocinium,
709 1135 792 1175 quo
835 1121 884 1162 ad
917 1122 1126 1162 veritatem
1158 1122 1372 1164 concludi-

379 1205 491 1240 mUS,
510 1193 710 1246 probatio
737 1203 932 1241 vocatur,
966 1191 1058 1232 dum
1074 1203 1222 1232 contra·
1236 1200 1373 1246 prae-

369 1261 595 1318 sumtionis
618 1265 781 1303 nomine
820 1262 1046 1304 celebratur
1083 1263 1372 1312 ratiocinium,

378 1347 462 1388 quo
477 1333 527 1375 ad
539 1333 867 1387 probabilitatem
900 1333 1169 1386 pervenimus.
1208 1331 1372 1387 Quibus

376 1404 629 1457 consequens
657 1415 718 1444 est
734 1434 746 1454 ‚
777 1402 1115 1457 praesumtionem
1141 1401 1226 1442 dici·
1249 1401 1369 1455 posse

376 1475 562 1514 'notitiam
591 1473 792 1513 factorum
819 1485 868 1512 ex
892 1473 977 1525 ejus
1007 1473 1164 1526 generis
1180 1471 1369 1526 legibus,

376 1537 474 1597 quas
501 1543 739 1596 plerumque
764 1542 904 1584 locum
935 1541 1083 1582 habere
1121 1543 1369 1593 experientia

375 1615 498 1656 docet
526 1613 550 1666 ζ
560 1614 622 1664 1).
682 1612 818 1664 Atque
848 1612 946 1652 haec
973 1609 1282 1663 praesumtionis
1301 1613 1368 1651 de-

376 1685 537 1733 finitio,
569 1694 671 1736 quae
700 1683 740 1722 in
770 1694 916 1736 genere
944 1682 1134 1722 omnibus
1163 1682 1366 1735 praesum-

375 1753 556 1793 tionibus
581 1752 800 1800 convenit,
832 1752 1063 1804 praesertim
1091 1751 1158 1793 hic
1191 1752 1240 1792 de
1261 1751 1367 1806 judi-

374 1821 467 1863 ciali
490 1821 787 1876 praesumtione
818 1820 1062 1862 admittenda
1089 1832 1150 1862 est
1178 1818 1273 1874 (2).

1257 1891 1281 1944 ἕ
1313 1890 1367 1931 Π.

165 1143 299 1180 suffitio,

418 2014 481 2060 (ι)
506 2017 607 2050 Conf.
635 2016 660 2049 F
677 2026 694 2049 e
710 2025 731 2049 u
747 2025 766 2050 e
782 2026 798 2049 r
813 2017 822 2049 l
840 2012 857 2050 e
874 2017 918 2050 in
933 2041 944 2059 ‚
967 2015 1053 2059 Vbrs.
1080 2019 1141 2050 ein.
1164 2027 1235 2053 neu.
1257 2016 1367 2052 Theor‘.

373 2074 430 2109 clei*-
447 2074 554 2107 Verm.
584 2075 601 2117 §
628 2084 682 2107 ιο.
1360 2112 1362 2114 v

418 2129 481 2175 (2)
507 2129 583 2163 vid.
608 2129 718 2163 titulus
738 2128 779 2174 ffi
802 2131 840 2163 de
873 2131 1120 2166 P1·0bat.'0m·hus
1141 2137 1174 2164 et
1195 2123 1364 2175 praefitmss

371 2188 518 2221 tionibus.
785 2202 790 2211 ·-
878 2201 883 2209 r
927 2200 930 2205 ·
983 2198 985 2203 ¹
1346 2183 1347 2186 ’
1358 2182 1360 2186 ’
