1513 2734
580 162 802 224 (63)

189 299 234 342 In
263 301 534 355 applicatione
561 313 691 343 autem
717 303 853 342 harum
885 300 1144 344 formularum
1163 334 1174 352 ‚
1204 316 1264 345 at.-

133 372 373 418 tendendum
402 383 462 412 est
505 371 553 413 ad
594 374 847 415 conditiones
888 373 1075 426 pofitivas
1115 384 1155 424 ep
1194 386 1267 414 ne-

132 443 299 498 gativaS.

189 510 324 552 XVII.
363 509 621 564 Compofitio
661 513 803 553 virium
845 511 1122 567 paralielarum
1167 513 1268 553 sem-.-

133 593 207 635 pei⁷
260 581 449 630 obtinet,
492 582 519 630 fi
559 583 663 622 vires
708 583 840 623 versus
897 583 1061 623 eandem
1114 595 1269 636 partem

134 662 284 705 agunt:
316 652 435 697 etiam
467 651 641 692 obtineri
674 663 837 704 potest,
880 653 949 696 ubi
993 652 1124 707 versus
1169 665 1270 693 con÷

135 713 293 761 trariam
320 732 473 773 partem
517 721 618 762 aliae
658 723 761 766 vires
800 723 1012 772 refistunt;
1057 734 1098 763 et
1128 735 1270 776 quam-

135 803 283 844 quam,
314 801 487 842 utroque
525 793 565 831 in
596 791 711 839 casu,
743 791 1026 844 aequilibrium
1054 793 1196 841 datur,
1241 786 1272 832 fi

133 861 194 902 vis
251 860 473 912 compofita
519 859 745 912 applicatur
787 862 922 903 versus
961 874 1047 909 eam
1085 872 1266 914 partem,

136 931 214 984 quai
241 931 386 970 vii-'ium
413 930 614 971 intenfitas
644 942 711 970 aut
738 928 876 978 nulla,
908 943 976 971 aut
999 932 1163 982 minima
1178 943 1268 979 est,

135 1010 268 1045 tamen
310 998 438 1047 altero
477 999 567 1041 casu
608 1000 891 1052 aequilibrium
948 998 1090 1051 sponte
1132 1000 1269 1040 adesse

98 1103 105 1106 .
136 1080 287 1123 potest.
346 1072 406 1106 -’
449 1068 509 1113 Ita
564 1069 671 1114 enim
723 1070 826 1109 vires
880 1080 1042 1122 agentes
1093 1068 1274 1122 applica-

139 1138 200 1180 tae
241 1139 324 1179 esse
365 1138 560 1191 possunt,
605 1150 678 1188 ut,
727 1150 828 1191 quae
870 1139 923 1177 ab
949 1138 1023 1178 hac
1053 1150 1165 1191 parte
1195 1149 1273 1178 tra·

138 1210 238 1250 hunt
263 1220 440 1261 corpus,
468 1208 630 1261 prorsus
658 1206 855 1247 destruant
884 1208 1085 1248 actionem
1103 1219 1238 1247 earum
1255 1236 1270 1257 ‚

137 1288 238 1332 quae
291 1291 313 1320 a
351 1287 462 1329 parte
504 1277 702 1317 contraria
743 1277 953 1328 resistunt:
997 1290 1074 1329 qua
1113 1278 1269 1318 ratione

138 1360 288 1400 corpus
328 1347 541 1387 immotum
593 1358 738 1387 manet.
780 1367 827 1376 ——·
871 1343 978 1386 Tum
1033 1357 1166 1395 autem
1210 1348 1271 1395 vis

137 1416 363 1470 composita
389 1415 498 1457 nulla
527 1426 614 1465 est,
657 1428 700 1457 et
741 1415 971 1470 aequilibrii
1015 1416 1272 1467 conditiones

138 1485 537 1540 comprehenduntur
566 1484 824 1539 sequentibus
857 1487 1191 1539 aequationibus:
1223 1488 1272 1528 fi-

137 1569 187 1598 ve
206 1557 370 1601 ,virium
412 1554 697 1607 applicationis
728 1567 880 1609 puncta
905 1557 946 1596 in
972 1556 1169 1608 directum
1198 1558 1273 1598 fint

138 1628 295 1681 posita,
341 1625 418 1666 five
444 1638 532 1668 non·
557 1625 672 1674 sunt,
702 1626 804 1675 erit3

180 1685 183 1687 ⁵
218 1695 249 1737 P
277 1694 322 1732 -Ι-
348 1693 396 1735 Ρ’
429 1695 474 1730 ÷
499 1692 570 1735 P''
599 1696 642 1732 4·
669 1691 763 1735 P“‘
790 1695 835 1733 -b
858 1700 1022 1737 caet.=.
1045 1709 1072 1736 0
1116 1693 1274 1750 (14),

141 1777 182 1806 et
211 1766 430 1819 quoniam,
461 1777 634 1818 utroque
661 1764 752 1805 casu
769 1794 783 1814 ‚
815 1765 869 1804 ob
898 1763 939 1805 R
965 1768 1015 1804 -Τ-
1043 1779 1098 1814 0,
1125 1766 1274 1808 distan-

144 1837 220 1884 tiae
274 1837 333 1875 vis
389 1834 636 1888 compofitae
676 1846 699 1874 a
752 1845 1051 1875 momentorum
1104 1836 1278 1886 axibus,

143 1905 280 1947 itidem
308 1905 440 1948 nullae
469 1905 569 1952 fint,
602 1904 815 1945 habemus:

145 2006 282 2051 Primo
309 2009 425 2052 casu:
462 1973 578 2099 {Zp
596 1968 1277 2095 :51⁰⁹le*al‘IE''}....(15).

270 2078 273 2079 γ
546 2056 589 2087 a.
664 2042 695 2085 P
769 2043 1026 2085 ÷caet..-0

1206 2250 1280 2292 Al-
