1513 2734
587 111 812 170 (τε)

131 257 236 303 fiae,
283 253 494 306 potassae‚
553 250 704 302 sodae,
762 251 1018 302 ammoniae,
1061 250 1187 293 calcis
1226 264 1268 295 et

133 324 384 378 manganefii.

187 392 540 448 Hydrosulphates
569 392 687 434 sodae
715 402 756 431 et
786 390 925 432 calcis.

184 464 386 507 Materiae
416 463 668 519 vegetabiles
695 473 736 501 et
764 460 972 503 animales.

186 532 254 575 Ex
283 535 357 576 hac
397 547 621 588 corporum
666 531 890 572 solutorum
928 532 1153 574 diversitate
1186 531 1271 573 diso

130 605 370 658 tinguuntur
394 616 519 657 aquae
539 633 552 652 ,
583 615 668 642 non
698 612 831 642 autem
862 615 1010 657 magno
1039 603 1198 652 fructu,
1227 604 1270 642 in

121 670 432 728 sulphurosas,
464 671 689 720 aemulas,
726 666 928 725 salinas,
965 669 1269 728 ferruginosas

128 755 171 783 et
198 733 390 783 ne'utras.
450 740 659 782 Prioribus
693 751 868 792 quatuor
912 741 1104 783 clasfibus
1143 755 1271 796 aquae

130 811 558 866 comprehenduntur,
625 809 753 864 vulgo
823 809 955 850 dictae
1009 812 1269 862 minerales,

129 895 232 937 quae
261 893 356 935 prae
385 881 532 922 ceteris
557 879 748 922 effectum
778 880 1002 923 sensibilem
1028 883 1070 923 in
1091 895 1272 924 oecono·

130 954 251 992 miam
276 962 467 992 exercent
505 951 748 1001 animalem,
795 964 964 1004 quarum
1002 963 1273 1006 temperatura

129 1020 246 1062 valde
267 1021 419 1068 variat,
450 1021 721 1073 probabiliter
748 1033 882 1062 autem
914 1021 1139 1064 differentia
1170 1023 1272 1064 haec

128 1091 279 1145 pendet
314 1103 337 1130 a
377 1089 493 1139 solo,
532 1103 606 1145 per
645 1092 759 1145 quod
792 1091 948 1141 fluunt,
981 1103 1196 1146 antequam
1222 1090 1275 1132 ad

128 1173 205 1202 nos
246 1161 498 1214 perveniant.
558 1158 801 1202 Notandum
831 1173 965 1202 autem
1002 1173 1090 1212 est,
1129 1162 1274 1203 latiore

128 1231 269 1279 sensu,
317 1241 436 1283 quam
467 1229 594 1285 vulgo
625 1230 711 1270 fieri
744 1230 876 1280 solet,
921 1230 1165 1286 plerumque
1198 1243 1271 1272 ex-

129 1300 374 1342 tendendum
404 1311 531 1352 aquae
559 1299 763 1340 mineralis
788 1300 1062 1350 vocabulum,
1100 1302 1127 1341 fi
1147 1314 1170 1342 a
1196 1314 1273 1342 no·

127 1371 194 1411 bis
220 1370 404 1410 traditam
421 1400 433 1419 ‚
464 1380 505 1409 et
532 1368 660 1424 vulgo
686 1380 898 1424 acceptam
923 1370 1168 1412 assumamus
1193 1371 1268 1412 de·

128 1438 387 1488 finitionem;
431 1441 580 1479 etenim
621 1452 644 1479 a
682 1438 834 1479 fodinis
879 1453 973 1481 cum
1012 1439 1190 1482 desumta
1220 1443 1267 1483 fit

131 1505 435 1559 denominatio,
478 1509 571 1550 illae
610 1520 765 1549 tantum
805 1509 887 1550 hoc
920 1510 1042 1552 titulo
1080 1524 1267 1564 compre-

132 1579 388 1628 henduntur,
434 1592 536 1632 quae
575 1592 626 1620 ex
667 1578 818 1620 fodinis
845 1581 938 1633 ipfis
971 1582 1267 1634 acquiruntur;

131 1662 270 1689 verum
309 1648 389 1689 huc
430 1661 597 1701 quoque
623 1647 720 1688 alias
744 1650 976 1701 pertinere,
1018 1662 1122 1702 aqua
1156 1663 1196 1690 v.
1227 1663 1266 1691 c.

131 1718 254 1760 docet
279 1719 450 1768 marina,
481 1719 596 1771 cujus
625 1717 795 1760 effectus
811 1720 851 1759 in
876 1721 1161 1760 oeconomiam
1182 1721 1268 1760 ani·

132 1789 277 1830 malem
316 1788 422 1830 haud
458 1789 645 1843 exiguam
674 1789 788 1839 esse,
833 1790 1112 1844 unusquisque
1140 1789 1263 1832 facile

133 1858 345 1901 concedet.

168 1928 331 1982 ‘Aquae
362 1930 418 1969 ita
448 1927 581 1969 dictae
619 1927 807 1983 vulgares
840 1927 1059 1983 (neutrae)
1085 1929 1265 1984 plerum·

134 2009 213 2051 que
238 1997 536 2053 distinguuntur
561 1998 780 2043 secundum
822 2000 988 2042 modurn
1028 2000 1263 2056 acquirendi

132 2078 175 2110 et
227 2066 366 2110 locum
410 2067 565 2111 telluris
592 2083 716 2125 quem
759 2082 996 2126 occupant,
1041 2072 1083 2112 in
1124 2083 1263 2127 aquas

1166 2138 1265 2195 fon-
