1513 2734
588 154 845 212 (121)

158 303 235 344 bus
265 300 538 355 Apologetis:,
571 312 753 353 quaeque
780 299 954 340 rationes
982 298 1107 342 hosce
1130 312 1181 341 eo
1203 300 1271 342 ad·

160 373 386 421 duxerunt,
431 370 593 410 eaedem
635 369 727 410 illae
766 380 806 409 et
846 369 975 422 ipsum
1025 371 1272 423 permovisse

159 441 381 484 censendae
424 440 540 490 sunt,
586 442 656 494 qui
701 441 951 494 potisfimum
993 438 1046 480 V.
1082 439 1131 481 F.
1162 453 1273 481 men-

161 513 312 556 tionem
352 511 518 551 faceret.
577 509 725 563 Neque
753 522 822 549 eae
849 508 1036 549 videntur
1062 521 1084 549 e
1114 509 1276 564 longin-

161 595 245 635 quo
275 581 484 635 petendae.
515 610 544 633 ,‚
574 579 687 621 Novi
719 581 825 619 enim
855 578 1104 620 Testamenti
1131 579 1279 634 scripta

159 650 339 693 nondum
366 662 449 690 uno
477 648 684 690 volumine
726 649 1018 702 comprehensa
1047 648 1278 700 exstabant,

160 731 201 761 et
243 718 488 775 singulorum
532 731 697 772 quoque
743 731 849 760 tanta
896 721 1034 761 raritas
1079 732 1189 770 erat,
1235 732 1281 761 ut

161 804 263 832 unus
291 791 351 830 vir
379 788 635 830 Christianus
664 789 733 830 vix
761 789 1051 843 plerorumque
1080 786 1280 831 librorum

161 863 347 902 notitiam
374 870 495 913 atque
524 860 637 901 usum
664 860 735 900 fibi
766 872 1029 913 comparare,
1070 856 1283 915 multoque

163 934 294 973 minus
323 931 510 971 homines
540 929 726 971 Gentiles
757 930 864 970 adire
895 931 989 971 illos
1016 930 1158 986 jubere
1187 944 1284 985 pos-

164 1001 251 1042 set'’
282 997 379 1052 (ι).
439 1000 601 1040 Veteris
627 1011 759 1040 autem
789 1000 984 1042 Foederis
1024 1001 1120 1041 libri
1150 1012 1191 1041 et
1222 1002 1285 1054 ip-

164 1073 213 1113 fis
243 1071 491 1125 Apologetis
519 1069 735 1111 familiares
759 1082 896 1120 erant,
928 1083 968 1110 et
1009 1083 1108 1111 vero
1146 1070 1288 1111 adver-

166 1142 276 1182 sariis
302 1153 468 1194 quoque
495 1153 518 1180 e
547 1141 727 1181 versione
756 1139 1057 1189 Alexandrina,
1102 1140 1152 1180 ab
1197 1139 1288 1193 ipso

164 1211 468 1265 Aegyptiorum
504 1223 600 1264 rege
626 1209 864 1251 Ptolemaeo
895 1211 1029 1263 magni
1058 1209 1288 1260 aestimata,

165 1279 326 1321 facilius
380 1283 635 1322 innotescere
676 1292 718 1321 et
760 1279 1108 1321 commendabiles
1162 1282 1291 1322 videri

166 1362 397 1404 potuerant.
470 1350 678 1406 Quantum
723 1363 821 1392 vero
861 1352 936 1392 hac
980 1353 1021 1391 in
1065 1351 1182 1393 causa
1222 1352 1292 1391 tri-

169 1421 374 1462 buendum
391 1432 508 1475 putes
523 1421 573 1462 V.
591 1420 640 1461 F.
659 1422 832 1463 summae
855 1423 1116 1476 antiquitati?
1148 1421 1291 1477 Quae,

167 1492 310 1532 nescio
340 1505 447 1543 quo,
476 1492 661 1532 homines
688 1493 836 1532 imbuit
876 1495 1125 1533 reverentiae
1153 1504 1194 1532 et
1224 1492 1294 1532 acl-

169 1563 394 1602 mirationis
434 1562 574 1611 sensu,
620 1574 803 1616 quaeque
846 1562 923 1603 illo
963 1560 1160 1615 imprimis
1191 1574 1294 1602 aevo

171 1632 419 1685 Apologetis
460 1634 622 1686 egregie
663 1644 826 1684 praesto
866 1644 978 1681 erat,
1023 1646 1103 1684 qua
1129 1632 1295 1686 religio-

171 1714 264 1741 nem
293 1701 400 1742 suam
429 1703 621 1742 novitatis
651 1702 819 1741 crimine
862 1701 1080 1742 liberarent
1125 1714 1297 1755 eamque

172 1770 430 1820 adversariis,
463 1771 552 1811 suae
582 1771 852 1826 gloriantibus
894 1771 1105 1827 religionis
1147 1772 1299 1812 summa

174 1842 440 1894 andquioeue‚
474 1841 916 1895 connnendarentifffa
951 1843 1025 1883 hac
1065 1842 1188 1897 longe
1229 1854 1298 1882 an·

144 1913 394 1967 ‘tiquiorem
425 1909 519 1964 (2).
579 1905 787 1953 Praeterea
829 1924 926 1952 vero
971 1925 1063 1954 cum
1107 1913 1300 1969 homines·

173 1983 219 2025 id
255 1983 453 2036 imprimis
494 1984 628 2038 magni
670 1983 806 2024 facere
847 1982 1028 2034 soleant,
1067 1982 1179 2037 quod
1206 1984 1299 2035 ipsis

1204 2067 1302 2109 pro·

226 2150 290 2197 (1)
314 2153 394 2186 Sunt
421 2152 524 2186 verba
552 2152 913 2193 Eisenloh-rii,
945 2152 1018 2186 l.1.
1045 2162 1080 2195 p.
1112 2153 1187 2197 176.

225 2207 290 2254 (2)
314 2209 414 2245 Conf.
437 2210 783 2253 Tzschirner‚
808 2211 830 2246 1.
855 2212 877 2245 l.
907 2210 942 2245 S.
968 2218 1135 2253 99-103.
