<?xml version="1.0" encoding="UTF-8"?>
<!DOCTYPE html PUBLIC "-//W3C//DTD XHTML 1.0 Transitional//EN"
    "http://www.w3.org/TR/xhtml1/DTD/xhtml1-transitional.dtd">
<html xmlns="http://www.w3.org/1999/xhtml" xml:lang="en" lang="en">
 <head>
  <title>
</title>
<meta http-equiv="Content-Type" content="text/html;charset=utf-8" />
  <meta name='ocr-system' content='tesseract 3.04.00' />
  <meta name='ocr-capabilities' content='ocr_page ocr_carea ocr_par ocr_line ocrx_word'/>
</head>
<body>
  <div class='ocr_page' id='page_1' title='image "annalesacademiae23acad_0109.png"; bbox 0 0 1513 2734; ppageno 0'>
   <div class='ocr_carea' id='block_1_1' title="bbox 584 147 809 207">
    <p class='ocr_par' dir='ltr' id='par_1_1' title="bbox 584 147 809 207">
     <span class='ocr_line' id='line_1_1' title="bbox 584 147 809 207; baseline -0.004 -1"><span class='ocrx_word' id='word_1_1' title='bbox 584 147 809 207; x_wconf 74' lang='lat'>(27)</span> 
     </span>
    </p>
   </div>
   <div class='ocr_carea' id='block_1_2' title="bbox 100 284 1283 2324">
    <p class='ocr_par' dir='ltr' id='par_1_2' title="bbox 119 284 1249 661">
     <span class='ocr_line' id='line_1_2' title="bbox 124 284 1244 344; baseline 0.006 -19"><span class='ocrx_word' id='word_1_2' title='bbox 124 284 215 325; x_wconf 78' lang='lat' dir='ltr'>dem</span> <span class='ocrx_word' id='word_1_3' title='bbox 254 286 387 326; x_wconf 77' lang='lat' dir='ltr'>omnia</span> <span class='ocrx_word' id='word_1_4' title='bbox 422 296 616 340; x_wconf 75' lang='lat' dir='ltr'>quatenus</span> <span class='ocrx_word' id='word_1_5' title='bbox 659 291 732 343; x_wconf 70' lang='lat' dir='ltr'>ipsi</span> <span class='ocrx_word' id='word_1_6' title='bbox 768 289 1050 343; x_wconf 77' lang='lat' dir='ltr'>philosophiae</span> <span class='ocrx_word' id='word_1_7' title='bbox 1078 291 1244 344; x_wconf 68' lang='lat' dir='ltr'>profue-</span> 
     </span>
     <span class='ocr_line' id='line_1_3' title="bbox 121 368 1248 429; baseline 0.008 -22"><span class='ocrx_word' id='word_1_8' title='bbox 121 368 229 416; x_wconf 80' lang='lat' dir='ltr'>rint,</span> <span class='ocrx_word' id='word_1_9' title='bbox 273 368 390 422; x_wconf 83' lang='lat' dir='ltr'>hujus</span> <span class='ocrx_word' id='word_1_10' title='bbox 432 379 515 410; x_wconf 86' lang='lat' dir='ltr'>non</span> <span class='ocrx_word' id='word_1_11' title='bbox 568 382 628 412; x_wconf 78' lang='lat' dir='ltr'>eSt</span> <span class='ocrx_word' id='word_1_12' title='bbox 658 372 742 414; x_wconf 88' lang='lat' dir='ltr'>loci</span> <span class='ocrx_word' id='word_1_13' title='bbox 771 373 1000 429; x_wconf 82' lang='lat' dir='ltr'>diligentius</span> <span class='ocrx_word' id='word_1_14' title='bbox 1029 376 1248 427; x_wconf 66' lang='lat' dir='ltr'>inquirere.</span> 
     </span>
     <span class='ocr_line' id='line_1_4' title="bbox 121 448 1247 510; baseline 0.008 -20"><span class='ocrx_word' id='word_1_15' title='bbox 121 448 228 490; x_wconf 77' lang='lat' dir='ltr'>Inud</span> <span class='ocrx_word' id='word_1_16' title='bbox 264 451 385 492; x_wconf 90' lang='lat' dir='ltr'>nobis</span> <span class='ocrx_word' id='word_1_17' title='bbox 430 452 755 504; x_wconf 47' lang='lat' dir='ltr'>observandumf</span> <span class='ocrx_word' id='word_1_18' title='bbox 796 457 897 498; x_wconf 84' lang='lat' dir='ltr'>hanc</span> <span class='ocrx_word' id='word_1_19' title='bbox 932 453 1247 510; x_wconf 85' lang='lat' dir='ltr'>philosophandi</span> 
     </span>
     <span class='ocr_line' id='line_1_5' title="bbox 119 535 1249 589; baseline 0.008 -16"><span class='ocrx_word' id='word_1_20' title='bbox 119 535 318 575; x_wconf 81' lang='lat' dir='ltr'>rationem</span> <span class='ocrx_word' id='word_1_21' title='bbox 362 547 570 589; x_wconf 81' lang='lat' dir='ltr'><strong>perperam</strong></span> <span class='ocrx_word' id='word_1_22' title='bbox 611 538 730 579; x_wconf 82' lang='lat' dir='ltr'>fuisse</span> <span class='ocrx_word' id='word_1_23' title='bbox 772 540 822 580; x_wconf 83' lang='lat' dir='ltr'>ad</span> <span class='ocrx_word' id='word_1_24' title='bbox 851 539 1075 581; x_wconf 83' lang='lat' dir='ltr'>doctrinam</span> <span class='ocrx_word' id='word_1_25' title='bbox 1106 541 1249 581; x_wconf 86' lang='lat' dir='ltr'>Chris-</span> 
     </span>
     <span class='ocr_line' id='line_1_6' title="bbox 120 617 527 661; baseline 0.015 -6"><span class='ocrx_word' id='word_1_26' title='bbox 120 617 266 656; x_wconf 86' lang='lat' dir='ltr'>tianam</span> <span class='ocrx_word' id='word_1_27' title='bbox 293 619 527 661; x_wconf 85' lang='lat' dir='ltr'>traductam.</span> 
     </span>
    </p>

    <p class='ocr_par' dir='ltr' id='par_1_3' title="bbox 100 698 1283 2250">
     <span class='ocr_line' id='line_1_7' title="bbox 176 698 1248 755; baseline 0.008 -16"><span class='ocrx_word' id='word_1_28' title='bbox 176 698 275 740; x_wconf 89' lang='lat' dir='ltr'>Non</span> <span class='ocrx_word' id='word_1_29' title='bbox 317 703 452 751; x_wconf 87' lang='lat' dir='ltr'>enim,</span> <span class='ocrx_word' id='word_1_30' title='bbox 483 704 542 742; x_wconf 89' lang='lat' dir='ltr'>uti</span> <span class='ocrx_word' id='word_1_31' title='bbox 572 715 685 744; x_wconf 86' lang='lat' dir='ltr'>antea</span> <span class='ocrx_word' id='word_1_32' title='bbox 724 704 906 755; x_wconf 78' lang='lat' dir='ltr'>solebat,</span> <span class='ocrx_word' id='word_1_33' title='bbox 953 707 1196 748; x_wconf 82' lang='lat' dir='ltr'>tractabatur</span> <span class='ocrx_word' id='word_1_34' title='bbox 1226 716 1248 748; x_wconf 78' lang='lat' dir='ltr'>a</span> 
     </span>
     <span class='ocr_line' id='line_1_8' title="bbox 118 780 1251 843; baseline 0.009 -22"><span class='ocrx_word' id='word_1_35' title='bbox 118 780 348 837; x_wconf 83' lang='lat' dir='ltr'>Theologis</span> <span class='ocrx_word' id='word_1_36' title='bbox 375 783 665 838; x_wconf 84' lang='lat' dir='ltr'>Philosophia,</span> <span class='ocrx_word' id='word_1_37' title='bbox 698 785 764 827; x_wconf 89' lang='lat' dir='ltr'>sed</span> <span class='ocrx_word' id='word_1_38' title='bbox 789 801 810 827; x_wconf 90' lang='lat' dir='ltr'>a</span> <span class='ocrx_word' id='word_1_39' title='bbox 837 787 1098 843; x_wconf 84' lang='lat' dir='ltr'>Philosophis</span> <span class='ocrx_word' id='word_1_40' title='bbox 1113 790 1251 830; x_wconf 89' lang='lat' dir='ltr'>Theo-</span> 
     </span>
     <span class='ocr_line' id='line_1_9' title="bbox 119 862 1251 922; baseline 0.008 -18"><span class='ocrx_word' id='word_1_41' title='bbox 119 862 241 919; x_wconf 83' lang='lat' dir='ltr'>logia.</span> <span class='ocrx_word' id='word_1_42' title='bbox 300 864 516 908; x_wconf 89' lang='lat' dir='ltr'>Deismum</span> <span class='ocrx_word' id='word_1_43' title='bbox 546 879 586 908; x_wconf 85' lang='lat' dir='ltr'>et</span> <span class='ocrx_word' id='word_1_44' title='bbox 613 868 796 922; x_wconf 82' lang='lat' dir='ltr'>profiteri</span> <span class='ocrx_word' id='word_1_45' title='bbox 826 880 866 910; x_wconf 89' lang='lat' dir='ltr'>et</span> <span class='ocrx_word' id='word_1_46' title='bbox 894 870 1059 912; x_wconf 84' lang='lat' dir='ltr'>fundare</span> <span class='ocrx_word' id='word_1_47' title='bbox 1094 871 1251 913; x_wconf 86' lang='lat' dir='ltr'>studue-</span> 
     </span>
     <span class='ocr_line' id='line_1_10' title="bbox 117 947 1248 1007; baseline 0.007 -20"><span class='ocrx_word' id='word_1_48' title='bbox 117 957 211 988; x_wconf 87' lang='lat' dir='ltr'>runt</span> <span class='ocrx_word' id='word_1_49' title='bbox 239 947 394 1003; x_wconf 82' lang='lat' dir='ltr'>Angli;</span> <span class='ocrx_word' id='word_1_50' title='bbox 426 962 467 990; x_wconf 90' lang='lat' dir='ltr'>et</span> <span class='ocrx_word' id='word_1_51' title='bbox 495 952 566 1003; x_wconf 86' lang='lat' dir='ltr'>ipfi</span> <span class='ocrx_word' id='word_1_52' title='bbox 604 951 818 993; x_wconf 80' lang='lat' dir='ltr'>Gallorum</span> <span class='ocrx_word' id='word_1_53' title='bbox 842 953 930 1007; x_wconf 89' lang='lat' dir='ltr'>joci</span> <span class='ocrx_word' id='word_1_54' title='bbox 969 965 1009 994; x_wconf 90' lang='lat' dir='ltr'>et</span> <span class='ocrx_word' id='word_1_55' title='bbox 1052 954 1248 1006; x_wconf 82' lang='lat' dir='ltr'>facetiae,</span> 
     </span>
     <span class='ocr_line' id='line_1_11' title="bbox 119 1030 1246 1089; baseline 0.008 -20"><span class='ocrx_word' id='word_1_56' title='bbox 119 1041 142 1068; x_wconf 82' lang='lat' dir='ltr'>a</span> <span class='ocrx_word' id='word_1_57' title='bbox 167 1030 315 1082; x_wconf 89' lang='lat' dir='ltr'>quibus</span> <span class='ocrx_word' id='word_1_58' title='bbox 341 1031 582 1073; x_wconf 81' lang='lat' dir='ltr'>abstinuerat</span> <span class='ocrx_word' id='word_1_59' title='bbox 609 1035 783 1074; x_wconf 85' lang='lat' dir='ltr'>severior</span> <span class='ocrx_word' id='word_1_60' title='bbox 801 1034 1027 1089; x_wconf 86' lang='lat' dir='ltr'>Anglorum</span> <span class='ocrx_word' id='word_1_61' title='bbox 1059 1038 1216 1078; x_wconf 86' lang='lat' dir='ltr'>indoles</span> <span class='ocrx_word' id='word_1_62' title='bbox 1232 1068 1246 1089; x_wconf 91' lang='lat'>‚</span> 
     </span>
     <span class='ocr_line' id='line_1_12' title="bbox 120 1112 1246 1168; baseline 0.009 -17"><span class='ocrx_word' id='word_1_63' title='bbox 120 1122 170 1151; x_wconf 88' lang='lat' dir='ltr'>ne</span> <span class='ocrx_word' id='word_1_64' title='bbox 201 1112 308 1154; x_wconf 86' lang='lat' dir='ltr'>sacra</span> <span class='ocrx_word' id='word_1_65' title='bbox 337 1115 457 1154; x_wconf 87' lang='lat' dir='ltr'>etiam</span> <span class='ocrx_word' id='word_1_66' title='bbox 484 1114 732 1168; x_wconf 87' lang='lat' dir='ltr'>reliquerunt</span> <span class='ocrx_word' id='word_1_67' title='bbox 757 1119 918 1158; x_wconf 83' lang='lat' dir='ltr'>intacta.</span> <span class='ocrx_word' id='word_1_68' title='bbox 981 1118 1060 1159; x_wconf 86' lang='lat' dir='ltr'>Sed</span> <span class='ocrx_word' id='word_1_69' title='bbox 1087 1121 1127 1159; x_wconf 92' lang='lat' dir='ltr'>in</span> <span class='ocrx_word' id='word_1_70' title='bbox 1143 1120 1246 1161; x_wconf 88' lang='lat' dir='ltr'>Ger-</span> 
     </span>
     <span class='ocr_line' id='line_1_13' title="bbox 120 1195 1245 1252; baseline 0.009 -19"><span class='ocrx_word' id='word_1_71' title='bbox 120 1195 247 1235; x_wconf 71' lang='lat' dir='ltr'>mania</span> <span class='ocrx_word' id='word_1_72' title='bbox 266 1195 422 1236; x_wconf 82' lang='lat' dir='ltr'>tandem</span> <span class='ocrx_word' id='word_1_73' title='bbox 451 1197 522 1248; x_wconf 83' lang='lat' dir='ltr'>ipfi</span> <span class='ocrx_word' id='word_1_74' title='bbox 550 1196 758 1252; x_wconf 86' lang='lat' dir='ltr'>Theologi</span> <span class='ocrx_word' id='word_1_75' title='bbox 789 1199 838 1239; x_wconf 88' lang='lat' dir='ltr'>ad</span> <span class='ocrx_word' id='word_1_76' title='bbox 863 1202 1028 1240; x_wconf 82' lang='lat' dir='ltr'>rationis</span> <span class='ocrx_word' id='word_1_77' title='bbox 1055 1214 1136 1242; x_wconf 90' lang='lat' dir='ltr'>non</span> <span class='ocrx_word' id='word_1_78' title='bbox 1161 1214 1245 1243; x_wconf 85' lang='lat' dir='ltr'>tan-</span> 
     </span>
     <span class='ocr_line' id='line_1_14' title="bbox 117 1277 1264 1334; baseline 0.01 -18"><span class='ocrx_word' id='word_1_79' title='bbox 117 1287 201 1319; x_wconf 86' lang='lat' dir='ltr'>tum</span> <span class='ocrx_word' id='word_1_80' title='bbox 216 1277 526 1331; x_wconf 79' lang='lat' dir='ltr'>probationem,</span> <span class='ocrx_word' id='word_1_81' title='bbox 559 1279 626 1321; x_wconf 87' lang='lat' dir='ltr'>sed</span> <span class='ocrx_word' id='word_1_82' title='bbox 649 1281 870 1334; x_wconf 85' lang='lat' dir='ltr'>supremam</span> <span class='ocrx_word' id='word_1_83' title='bbox 900 1282 1001 1324; x_wconf 80' lang='lat' dir='ltr'>adeo</span> <span class='ocrx_word' id='word_1_84' title='bbox 1027 1286 1264 1327; x_wconf 86' lang='lat' dir='ltr'>auctorita--</span> 
     </span>
     <span class='ocr_line' id='line_1_15' title="bbox 118 1359 1242 1418; baseline 0.008 -18"><span class='ocrx_word' id='word_1_85' title='bbox 118 1371 199 1401; x_wconf 88' lang='lat' dir='ltr'>tem</span> <span class='ocrx_word' id='word_1_86' title='bbox 225 1372 467 1402; x_wconf 73' lang='lat' dir='ltr'>revocarunt</span> <span class='ocrx_word' id='word_1_87' title='bbox 503 1359 776 1418; x_wconf 86' lang='lat' dir='ltr'>Theologiam</span> <span class='ocrx_word' id='word_1_88' title='bbox 821 1365 1048 1408; x_wconf 84' lang='lat' dir='ltr'>revelatam.</span> <span class='ocrx_word' id='word_1_89' title='bbox 1109 1367 1242 1409; x_wconf 84' lang='lat' dir='ltr'>Variis</span> 
     </span>
     <span class='ocr_line' id='line_1_16' title="bbox 112 1442 1242 1505; baseline 0.01 -23"><span class='ocrx_word' id='word_1_90' title='bbox 112 1445 285 1497; x_wconf 84' lang='lat' dir='ltr'>agitatur</span> <span class='ocrx_word' id='word_1_91' title='bbox 301 1443 369 1484; x_wconf 81' lang='lat' dir='ltr'>illa</span> <span class='ocrx_word' id='word_1_92' title='bbox 383 1444 531 1486; x_wconf 81' lang='lat' dir='ltr'>studiiS.</span> <span class='ocrx_word' id='word_1_93' title='bbox 564 1442 731 1488; x_wconf 85' lang='lat' dir='ltr'>Sublata</span> <span class='ocrx_word' id='word_1_94' title='bbox 748 1447 836 1490; x_wconf 85' lang='lat' dir='ltr'>sunt</span> <span class='ocrx_word' id='word_1_95' title='bbox 852 1448 1083 1505; x_wconf 87' lang='lat' dir='ltr'>Religionis</span> <span class='ocrx_word' id='word_1_96' title='bbox 1099 1451 1242 1505; x_wconf 84' lang='lat' dir='ltr'>Chris-</span> 
     </span>
     <span class='ocr_line' id='line_1_17' title="bbox 114 1526 1242 1584; baseline 0.011 -19"><span class='ocrx_word' id='word_1_97' title='bbox 114 1526 243 1567; x_wconf 83' lang='lat' dir='ltr'>tianae</span> <span class='ocrx_word' id='word_1_98' title='bbox 286 1526 558 1576; x_wconf 67' lang='lat' dir='ltr'>fundamenta,</span> <span class='ocrx_word' id='word_1_99' title='bbox 645 1529 691 1570; x_wconf 87' lang='lat' dir='ltr'>In</span> <span class='ocrx_word' id='word_1_100' title='bbox 721 1531 888 1574; x_wconf 90' lang='lat' dir='ltr'>dubium</span> <span class='ocrx_word' id='word_1_101' title='bbox 916 1544 1111 1584; x_wconf 83' lang='lat' dir='ltr'>vocatur,</span> <span class='ocrx_word' id='word_1_102' title='bbox 1155 1536 1242 1577; x_wconf 90' lang='lat' dir='ltr'>imo</span> 
     </span>
     <span class='ocr_line' id='line_1_18' title="bbox 110 1610 1239 1663; baseline 0.011 -15"><span class='ocrx_word' id='word_1_103' title='bbox 110 1620 280 1663; x_wconf 84' lang='lat' dir='ltr'>negatur</span> <span class='ocrx_word' id='word_1_104' title='bbox 302 1610 434 1651; x_wconf 84' lang='lat' dir='ltr'>divina</span> <span class='ocrx_word' id='word_1_105' title='bbox 461 1612 632 1653; x_wconf 87' lang='lat' dir='ltr'>Codicis</span> <span class='ocrx_word' id='word_1_106' title='bbox 661 1613 772 1655; x_wconf 83' lang='lat' dir='ltr'>Sacri</span> <span class='ocrx_word' id='word_1_107' title='bbox 797 1617 1028 1658; x_wconf 79' lang='lat' dir='ltr'>auctoritas,</span> <span class='ocrx_word' id='word_1_108' title='bbox 1100 1616 1239 1660; x_wconf 87' lang='lat' dir='ltr'>Erras-</span> 
     </span>
     <span class='ocr_line' id='line_1_19' title="bbox 111 1690 1240 1751; baseline 0.01 -19"><span class='ocrx_word' id='word_1_109' title='bbox 111 1690 150 1732; x_wconf 86' lang='lat' dir='ltr'>se</span> <span class='ocrx_word' id='word_1_110' title='bbox 184 1692 269 1733; x_wconf 87' lang='lat' dir='ltr'>fere</span> <span class='ocrx_word' id='word_1_111' title='bbox 309 1694 493 1736; x_wconf 73' lang='lat' dir='ltr'>vrdentur</span> <span class='ocrx_word' id='word_1_112' title='bbox 527 1695 640 1748; x_wconf 88' lang='lat' dir='ltr'>Jesus</span> <span class='ocrx_word' id='word_1_113' title='bbox 666 1708 706 1737; x_wconf 90' lang='lat' dir='ltr'>et</span> <span class='ocrx_word' id='word_1_114' title='bbox 733 1697 936 1751; x_wconf 87' lang='lat' dir='ltr'>Apostoli.</span> <span class='ocrx_word' id='word_1_115' title='bbox 997 1699 1162 1742; x_wconf 88' lang='lat' dir='ltr'>Exstitit</span> <span class='ocrx_word' id='word_1_116' title='bbox 1185 1702 1240 1743; x_wconf 82' lang='lat' dir='ltr'>ita</span> 
     </span>
     <span class='ocr_line' id='line_1_20' title="bbox 108 1775 1236 1833; baseline 0.011 -19"><span class='ocrx_word' id='word_1_117' title='bbox 108 1776 149 1815; x_wconf 90' lang='lat' dir='ltr'>in</span> <span class='ocrx_word' id='word_1_118' title='bbox 202 1775 420 1818; x_wconf 69' lang='lat' dir='ltr'>Germania</span> <span class='ocrx_word' id='word_1_119' title='bbox 463 1777 861 1822; x_wconf 68' lang='lat' dir='ltr'>Rationalismrum</span> <span class='ocrx_word' id='word_1_120' title='bbox 906 1782 1084 1833; x_wconf 86' lang='lat' dir='ltr'>familia,</span> <span class='ocrx_word' id='word_1_121' title='bbox 1129 1786 1236 1826; x_wconf 88' lang='lat' dir='ltr'>viro-</span> 
     </span>
     <span class='ocr_line' id='line_1_21' title="bbox 106 1859 1232 1916; baseline 0.009 -18"><span class='ocrx_word' id='word_1_122' title='bbox 106 1871 193 1899; x_wconf 87' lang='lat' dir='ltr'>rum</span> <span class='ocrx_word' id='word_1_123' title='bbox 245 1859 597 1912; x_wconf 70' lang='lat' dir='ltr'>doctissimorum,</span> <span class='ocrx_word' id='word_1_124' title='bbox 643 1874 683 1903; x_wconf 89' lang='lat' dir='ltr'>at</span> <span class='ocrx_word' id='word_1_125' title='bbox 721 1864 874 1916; x_wconf 86' lang='lat' dir='ltr'>saepius</span> <span class='ocrx_word' id='word_1_126' title='bbox 918 1868 1232 1908; x_wconf 86' lang='lat' dir='ltr'>temerariorum.</span> 
     </span>
     <span class='ocr_line' id='line_1_22' title="bbox 106 1939 1283 2004; baseline 0.011 -25"><span class='ocrx_word' id='word_1_127' title='bbox 106 1939 294 1994; x_wconf 87' lang='lat' dir='ltr'>Oppofiti</span> <span class='ocrx_word' id='word_1_128' title='bbox 322 1944 370 1984; x_wconf 87' lang='lat' dir='ltr'>iis</span> <span class='ocrx_word' id='word_1_129' title='bbox 397 1943 557 1985; x_wconf 86' lang='lat' dir='ltr'>fuerunt</span> <span class='ocrx_word' id='word_1_130' title='bbox 589 1944 1099 1999; x_wconf 69' lang='lat' dir='ltr'>Supra-mturalisme,</span> <span class='ocrx_word' id='word_1_131' title='bbox 1132 1964 1234 2004; x_wconf 86' lang='lat' dir='ltr'>quo·</span> <span class='ocrx_word' id='word_1_132' title='bbox 1254 1975 1255 1978; x_wconf 63' lang='lat'><em>=</em></span> <span class='ocrx_word' id='word_1_133' title='bbox 1278 1940 1283 1942; x_wconf 45' lang='grc'>’</span> 
     </span>
     <span class='ocr_line' id='line_1_23' title="bbox 106 2007 1230 2084; baseline 0.011 -21"><span class='ocrx_word' id='word_1_134' title='bbox 106 2035 192 2063; x_wconf 88' lang='lat' dir='ltr'>rum</span> <span class='ocrx_word' id='word_1_135' title='bbox 218 2007 340 2080; x_wconf 79' lang='lat' dir='ltr'>longa</span> <span class='ocrx_word' id='word_1_136' title='bbox 367 2027 516 2068; x_wconf 81' lang='lat' dir='ltr'>cohors</span> <span class='ocrx_word' id='word_1_137' title='bbox 534 2058 546 2078; x_wconf 85' lang='lat'><strong>‚</strong></span> <span class='ocrx_word' id='word_1_138' title='bbox 579 2029 736 2070; x_wconf 85' lang='lat' dir='ltr'>divinae</span> <span class='ocrx_word' id='word_1_139' title='bbox 748 2030 959 2074; x_wconf 88' lang='lat' dir='ltr'>doctrinae</span> <span class='ocrx_word' id='word_1_140' title='bbox 984 2033 1200 2075; x_wconf 85' lang='lat' dir='ltr'>adhaerens</span> <span class='ocrx_word' id='word_1_141' title='bbox 1216 2065 1230 2084; x_wconf 87' lang='lat'>‚</span> 
     </span>
     <span class='ocr_line' id='line_1_24' title="bbox 101 2108 1230 2171; baseline 0.011 -25"><span class='ocrx_word' id='word_1_142' title='bbox 101 2109 275 2156; x_wconf 37' lang='lat' dir='ltr'>mutatis·</span> <span class='ocrx_word' id='word_1_143' title='bbox 321 2108 490 2160; x_wconf 80' lang='lat' dir='ltr'>formis,</span> <span class='ocrx_word' id='word_1_144' title='bbox 531 2124 552 2152; x_wconf 88' lang='lat' dir='ltr'>a</span> <span class='ocrx_word' id='word_1_145' title='bbox 601 2112 693 2166; x_wconf 83' lang='lat' dir='ltr'>Jesu</span> <span class='ocrx_word' id='word_1_146' title='bbox 736 2116 988 2168; x_wconf 86' lang='lat' dir='ltr'>temporibus</span> <span class='ocrx_word' id='word_1_147' title='bbox 1031 2119 1230 2171; x_wconf 83' lang='lat' dir='ltr'>originem</span> 
     </span>
     <span class='ocr_line' id='line_1_25' title="bbox 100 2188 1226 2250; baseline 0.009 -20"><span class='ocrx_word' id='word_1_148' title='bbox 100 2188 258 2232; x_wconf 81' lang='lat' dir='ltr'>duxisse</span> <span class='ocrx_word' id='word_1_149' title='bbox 283 2192 452 2237; x_wconf 78' lang='lat' dir='ltr'>videtur.</span> <span class='ocrx_word' id='word_1_150' title='bbox 514 2193 676 2250; x_wconf 80' lang='lat' dir='ltr'>Quibus</span> <span class='ocrx_word' id='word_1_151' title='bbox 715 2199 818 2238; x_wconf 85' lang='lat' dir='ltr'>inter</span> <span class='ocrx_word' id='word_1_152' title='bbox 845 2198 884 2239; x_wconf 91' lang='lat' dir='ltr'>se</span> <span class='ocrx_word' id='word_1_153' title='bbox 913 2198 1226 2249; x_wconf 80' lang='lat' dir='ltr'>dimicantibus,</span> 
     </span>
    </p>

    <p class='ocr_par' dir='ltr' id='par_1_4' title="bbox 1157 2296 1223 2324">
     <span class='ocr_line' id='line_1_26' title="bbox 1157 2296 1223 2324; baseline 0.015 -1"><span class='ocrx_word' id='word_1_154' title='bbox 1157 2296 1223 2324; x_wconf 87' lang='lat' dir='ltr'>ec-</span> 
     </span>
    </p>
   </div>
  </div>
 </body>
</html>
