1513 2734
704 115 931 171 (66)

246 264 392 311 braeos
408 293 422 314 ‚
453 271 523 312 ut,
555 272 768 317 quaenam
796 269 839 300 et
867 259 1062 301 dictionis
1090 268 1132 300 et
1156 270 1388 315 argumen-

244 348 281 390 ti
307 323 534 402 fintilitudo
569 344 666 384 huic
707 355 800 384 cuni
831 341 912 383 illis
942 341 1210 394 intercedat,
1235 341 1386 398 singil-⁴

254 431 384 472 latim
410 439 451 470 et
471 436 558 483 per
575 434 729 481 partes
756 425 1020 467 ostendatur.
1207 404 1216 412 ν

301 509 403 554 Non
421 510 694 567 postulatur,
739 518 816 559 ut,
861 508 967 564 quid
1003 507 1052 548 de
1092 508 1287 564 epistolae
1329 508 1390 549 ad

245 593 465 636 Hebraeos
487 604 655 634 auctore
682 592 750 633 vel
775 591 1018 646 antiquitas
1035 591 1287 645 judicarit,
1317 591 1388 632 νεί

246 677 362 718 nobis
381 675 666 731 judicandum
687 655 689 659 ι
709 674 941 724 videatur,
987 674 1267 725 ostendatur‚·
1309 686 1381 716 ne-

251 773 330 820 que
347 789 360 810 ,
393 769 463 804 ut,
490 759 746 813 quibusnam
777 758 822 798 in
849 756 973 798 rebus
1000 769 1030 798 a
1057 756 1236 798 Paulinis
1276 755 1386 799 haec

247 842 404 886 differat
433 841 631 897 epistola,
663 840 712 880 de
741 839 960 881 industria
985 840 1257 894 inquiratur.
1305 838 1384 880 Ve-

248 939 375 975 rum,
419 938 513 966 cum
557 923 729 978 aliquid
766 933 882 963 certe
929 921 1226 975 similitudinis
1282 922 1386 962 hanc

250 1010 367 1049 inter
402 1017 444 1048 et
483 1006 573 1047 illas
617 1004 889 1054 intercedat,
922 1014 969 1044 ut
1006 1004 1241 1058 cujusmodi
1279 1002 1391 1045 illud

244 1089 301 1145 sit
328 1098 597 1145 exponatur,
640 1087 738 1128 ordo
783 1084 824 1127 T
818 1085 1061 1141 hologorum
1102 1087 1303 1142 requirit.

394 1250 798 1309 «QUAESTIO
831 1250 1247 1306 JURIDICA.

312 1417 382 1458 De
409 1419 515 1472 jure
547 1416 841 1473 foeminarum
869 1418 1170 1461 Romanarum
1196 1416 1392 1474 defuncto

249 1497 500 1557 succedendi
526 1501 582 1542 ab
611 1502 812 1543 intestato
851 1511 893 1542 et
921 1516 976 1544 ex
1017 1511 1266 1543 testamento
1307 1500 1394 1542 his-

251 1584 479 1636 torice'ita
504 1594 702 1638 agatur,
734 1594 783 1625 ut
812 1592 1058 1638 appareat,
1090 1584 1195 1638 quid
1232 1580 1394 1639 diversi)

258 1675 444 1721 tempore
470 1667 517 1708 in
545 1665 620 1707 hoc
647 1667 786 1720 capite
805 1668 927 1720 juris
944 1668 1197 1721 placuerit,
1228 1676 1270 1708 et
1286 1679 1397 1722 quae

261 1749 504 1807 exstiterint
531 1747 703 1805 caussae
732 1750 851 1791 illius
879 1751 1051 1792 mutati.

454 1913 843 1980 QUAESTJO
885 1913 1209 1956 MEDICA.

324 2081 662 2132 Exhibeantur,
711 2078 967 2137 Hyoscyami
1020 2082 1167 2136 nigri,
1222 2083 1396 2136 primum

269 2162 492 2220 descriptio
523 2164 764 2216 Botanica,
792 2165 963 2219 ejusque
988 2163 1148 2206 herbae
1165 2195 1178 2216 ,
1205 2165 1396 2214 radicis,

1357 2256 1403 2301 et
