1513 2734
657 136 883 196 (42)

200 276 468 329 nequitiarum
507 286 654 329 genere
683 278 764 318 sese
790 281 1008 323 reddidisse
1037 281 1205 323 infames
1237 278 1333 335 (1).

197 345 284 386 Alii
324 355 492 395 contra,
533 346 575 385 in
618 348 768 398 quibus
811 349 1111 402 Tertullianus,
1170 352 1335 392 daemo-

196 426 265 454 nes
298 414 380 467 jam
428 414 478 455 ab
521 417 679 470 origine
721 419 814 461 inde
857 421 986 462 malos
1039 422 1190 468 fuisse,
1233 432 1334 462 con-

197 483 441 534 tendebant,
501 497 655 540 eosque
711 501 761 530 ex
819 491 1039 544 impiorum
1094 490 1333 545 angelorum

193 566 286 594 cum
341 554 533 596 foeminis
590 559 818 601 concubitu
860 572 977 601 natos
1019 560 1103 600 esse
1142 560 1335 613 perhibe·

193 622 292 664 bant
320 623 430 678 (2)..
458 625 755 669 Censebamur
782 642 914 670 autem
945 629 1043 671 Deo
1076 631 1225 678 reniti,
1257 630 1334 670 ho-

192 695 323 733 mines
348 695 401 736 ab
427 697 515 751 ejus
542 697 655 739 cultu
682 710 890 749 avertere,
923 699 1037 740 hisce
1065 701 1202 740 omnia
1228 698 1334 740 mala

192 763 358 814 moliri,
404 767 444 806 in
481 768 633 810 rabiem
662 782 734 810 eos
765 770 949 818 trahere,
988 769 1145 809 morbis
1184 768 1334 823 afflige-

189 845 259 882 re,
305 848 490 890 quaeque
513 838 630 892 plura
675 839 912 881 hominibus
951 839 1184 880 acciderent
1225 837 1332 879 cala-

191 904 363 952 mitosa,
397 906 496 946 haec
525 909 612 948 istis
638 908 767 962 vulgo
796 909 1128 951 adscribebantur
1155 909 1334 949 auctori·

190 972 280 1012 bus.
341 973 434 1014 Nec
469 976 648 1016 difficilia
686 977 786 1017 haec
830 980 884 1018 iis
921 979 1107 1020 accidere
1133 979 1334 1030 putaban-

189 1052 267 1083 tur.
327 1044 484 1099 Magna
497 1048 606 1087 enim
633 1047 674 1086 vi
702 1046 837 1087 valere
864 1047 1201 1087 existimabantur
1218 1078 1231 1097 ,
1262 1058 1329 1096 et,

189 1114 345 1165 quippe
374 1115 566 1157 aethereo
596 1128 773 1169 corpore
809 1116 968 1165 induti,
999 1116 1167 1170 ‘majore
1206 1117 1331 1157 etiam

188 1182 478 1236 volubilitate,
510 1200 590 1240 qua
615 1188 751 1228 ubivis
770 1189 857 1228 cito
887 1185 1023 1227 adesse
1053 1185 1220 1239 possent
1235 1183 1331 1240 (3).

189 1249 306 1293 Haec
344 1255 508 1306 quidem
553 1256 750 1298 malesana
791 1257 841 1298 de
879 1256 1146 1297 daemonibus
1176 1256 1333 1297 senten-

189 1322 244 1362 tia
275 1324 519 1365 Christianis
555 1338 578 1365 c
620 1326 777 1380 duplici
819 1328 1074 1381 potisfimum
1116 1326 1231 1367 fonte
1262 1340 1333 1368 ex-

190 1392 333 1434 stitisse
364 1395 536 1436 videtur.
597 1395 752 1438 Partim
779 1397 938 1439 scilicet
964 1410 1051 1438 eam
1072 1397 1332 1450 repetendam

189 1462 275 1503 esse
305 1463 547 1504 crediderim
577 1477 600 1504 a
633 1465 826 1519 Judaeis,
872 1470 978 1508 inter
1007 1481 1112 1520 quos
1154 1468 1205 1507 ab
1233 1467 1335 1508 exfi-

188 1530 248 1570 lio
278 1533 371 1571 inde
407 1532 668 1583 Babylonico
700 1536 838 1575 fimilis
878 1537 1074 1588 quaedam
1111 1536 1334 1577 invaluerat

188 1599 533 1655 daemonologia,
565 1614 668 1655 quae
704 1603 799 1656 Jesu
829 1614 957 1644 aetate
983 1604 1190 1644 altisfimas
1229 1606 1335 1646 radi-

194 1684 264 1711 ces
297 1683 465 1727 egeratz,
497 1674 645 1725 partim
671 1675 772 1713 'vero
794 1686 817 1713 a
844 1675 1034 1727 gentibus
1057 1675 1334 1729 Graecisque,

192 1744 265 1794 qui
309 1743 358 1782 de
413 1743 529 1784 malis
582 1744 784 1799 ejusmodi
836 1746 968 1799 geniis
1007 1745 1133 1785 multa
1166 1758 1333 1805 quoque

188 1812 387 1854 somniare
418 1813 708 1856 consueverant
730 1812 827 1866 (4).
888 1813 989 1869 Quo
1017 1816 1142 1870 igitur
1172 1827 1333 1870 tempo-

876 1887 883 1901 .
1241 1891 1245 1900 .

1287 1898 1332 1927 l'e

238 1951 302 1998 (ι)
328 1955 614 1996 Origenes,
639 1954 708 1988 1.1.
732 1965 766 1997 p.
790 1964 868 1998 377.

236 2010 300 2056 (2)
323 2013 453 2057 Apolog.
490 2021 522 2044 c.
562 2022 618 2046 22.
652 2011 773 2058 Judice
824 2012 1067 2056 Ilavercampio
1109 2011 1332 2045 Tertullianus

190 2068 272 2101 hanc
290 2070 374 2103 fovit
407 2069 599 2102 sententiam
627 2070 710 2101 male
741 2069 916 2102 intellecto
950 2070 1029 2102 loco
1059 2069 1182 2102 Genes.
1210 2069 1268 2103 VI:
1295 2079 1331 2104 2.

241 2121 304 2167 (3)
328 2127 609 2169 Origenes,
638 2127 660 2160 l.
684 2127 707 2160 Ι.
730 2137 764 2170 p.
794 2137 859 2169 234
880 2135 915 2161 et
939 2127 1016 2171 376.

239 2179 305 2226 (4)
329 2184 614 2227 Origemes,
639 2185 660 2219 1.
684 2184 707 2218 l.
729 2194 765 2227 p.
789 2194 866 2229 277.
