1513 2734
711 141 738 197 (
792 154 879 199 -252
938 135 966 196 )

748 278 774 332 ς
803 277 925 320 XV1.·

476 414 549 457 De
580 415 780 471 collisione
800 416 1188 475 praesumtionum.

153 577 319 613 nfssensus
399 553 528 608 Supra
547 557 627 611 jam
643 559 799 613 egimus
826 559 874 601 de
891 560 981 601 casu
999 589 1012 607 ‚
1042 548 1114 600 ubi
1128 548 1339 612 praesum-t

129 624 220 674 inter
241 626 329 656 viros
342 626 400 666 tio
416 627 698 678 praesumtioni
716 641 912 686 repugnat
927 624 953 677 ,'
973 627 1203 682 ibique<1)
1218 627 1332 670 fimu}

129 669 288 703 etudnos.
339 696 572 738 tradidimus
606 710 852 753 praecepta,
895 712 997 753 quae
1039 699 1108 740 hic
1135 699 1334 753 sequenda

337 765 451 807 ducit
473 766 612 820 Ampl.
645 767 863 809 Merlin
891 767 999 823 (2),
1031 781 1163 823 neque
1188 770 1264 810 h'ac
1281 768 1336 810 de·

337 848 379 876 re
407 848 514 877 nunc
543 839 770 892 agendum,
813 852 938 892 quum
962 840 1101 892 potius
1143 838 1212 880 hic
1255 838 1334 879 ser-

339 919 409 946 mo
447 905 532 947 fieri
561 907 706 948 debeat
750 907 799 948 de
833 911 1101 962 quaestione,
1147 908 1243 949 fitne
1273 919 1336 948 re·

334 977 431 1016 vera
457 976 797 1028 praesumtionum
827 977 1014 1027 collisio,
1046 990 1122 1018 nec
1148 990 1223 1027 net,
1255 977 1335 1031 qua‘i

338 1044 388 1085 de
414 1057 456 1085 re
483 1048 587 1087 inter
614 1047 652 1087 se
680 1047 931 1099 disputarunt
958 1049 1033 1088 viri
1062 1048 1174 1088 docti
1190 1060 1216 1097 ,⁴
1235 1060 1333 1088 cum

337 1116 550 1169 praecipui
569 1115 652 1157 fere
684 1125 823 1157 omnes
852 1118 1082 1160 affirmando
1116 1119 1336 1173 responde-¹

337 1197 428 1234 ant,
459 1185 549 1227 solo
564 1199 741 1241 excepto
757 1186 883 1228 Cons.
899 1186 932 1228 F
948 1200 970 1227 e
985 1201 1012 1229 u
1025 1200 1047 1228 e
1062 1188 1109 1229 rl
1125 1190 1214 1236 ein
1231 1185 1335 1243 (3):

338 1255 454 1309 cujus
481 1257 707 1298 doctrinam
736 1258 878 1311 paucis
903 1270 1168 1312 exponamus.
1210 1265 1215 1274 “·

160 1325 327 1360 Sententia
366 1345 372 1357 a
397 1323 473 1365 Est
486 1327 737 1381 generalis-in
763 1328 852 1381 jure
881 1329 1046 1384 regula,
1074 1341 1148 1383 per
1182 1327 1337 1382 specia-

125 1371 304 1451 goepsser-
338 1393 392 1434 lia
415 1392 672 1449 generalibus
707 1397 907 1452 derogari.
968 1397 1082 1440 Haec
1123 1398 1262 1452 regula
1291 1399 1336 1437 in.

135 1462 243 1496 lein.
336 1465 478 1517 primis
530 1479 695 1520 quoque
749 1467 799 1507 ad
845 1480 977 1521 partes
1006 1463 1220 1509 (vocanda
1272 1478 1336 1507 est

336 1534 472 1586 quoad
494 1534 698 1576 materiem
724 1536 773 1576 de
789 1538 1180 1588 praesumtionibus,
1211 1549 1338 1590 quum

333 1616 408 1657 per
437 1603 631 1657 speciales
662 1605 978 1657 praesumtiones
1016 1606 1340 1660 ›praesumtioni-

335 1671 417 1714 bus'
453 1671 966 1732 generalibus'derffiogetu'r
1000 1673 1099 1730 (4).
1160 1675 1338 1731 Quando

335 1744 461 1797 igitur
520 1744 716 1797 specialisv
766 1745 1013 1798 praesumtio
1079 1745 1191 1786 simul
1243 1751 1339 1787 cum

336 1813 635 1867 praesumtione
684 1815 864 1870 generali
909 1817 950 1856 in
989 1828 1072 1857 uno
1110 1816 1339 1871 eodemque

1215 1892 1228 1917 ζ’
1271 1899 1338 1929 ca·-

384 1951 449 1997 (1)
475 1954 561 1988 Part.
588 1955 614 1987 Ι.
644 1955 661 1998 §
688 1954 720 1987 8.

384 2008 448 2054 (τε)
472 2010 675 2053 [ἱέρεα-ἰθὺν,
701 2010 732 2043 in
755 2019 842 2044 voce
871 2009 1084 2057 Presbmptim
1098 2036 1109 2052 ,
1134 2013 1152 2056 §
1177 2023 1212 2057 4.

384 2066 447 2110 (3)
471 2066 609 2109 Dis-sert.
639 2067 734 2101 laud.
762 2069 780 2111 §
807 2077 850 2109 30
879 2076 913 2100 et
937 2078 991 2110 31.
1047 2089 1049 2091 ·

385 2121 449 2166 (4)
473 2123 572 2157 Conf.
615 2123 657 2155 W
673 2133 690 2156 e
706 2124 727 2156 b
745 2133 762 2157 e
779 2134 795 2157 r
809 2149 819 2164 ,
853 2126 932 2158 iiber·
959 2125 1011 2158 die
1032 2124 1195 2167 Vqrbindl.
1219 2135 1250 2159 z.
1274 2124 1336 2159 Bc-

340 2178 499 2232 wqisfiis'tr.
521 2182 565 2219 im
589 2180 757 2224 Civilproz.
781 2183 863 2226 Cap.
887 2183 927 2218 V.
957 2182 977 2226 §
1005 2192 1027 2227 5
1053 2190 1087 2218 et
1113 2183 1146 2217 8.
