1513 2734
576 179 802 235 (87)

122 314 443 370 praejudicatas,
475 317 623 370 quibus
651 330 672 359 a
701 319 847 359 teneris
892 317 1038 360 imbuti
1076 315 1262 368 fuerant,

123 387 341 440 opiniones
369 386 571 440 deponere
600 389 859 441 avitumque,
892 401 983 430 cum
1012 388 1158 443 populi
1173 388 1265 429 Ro-

121 458 228 498 mani
252 456 384 511 gloria
412 463 453 497 et
479 457 642 498 fortuna
669 470 783 499 arcto
808 458 975 499 vinculo
1015 459 1195 513 J'unctam
1221 471 1264 500 et

118 526 204 580 ipsa
233 525 299 566 sua
326 528 576 580 antiquitate·
607 527 723 568 valde
761 529 1050 579 venerandam,
1095 529 1264 591 religio-

117 608 211 637 nem
251 610 344 638 cum
381 610 486 638 nova
525 592 723 650 quatiam,
754 611 881 652 eaque
917 611 968 640 ex
990 599 1165 655 ignobili
1184 598 1265 654 Ju-

119 666 311 708 dacorum
349 679 469 722 gente
509 667 705 716 oriunda,
752 681 1004 710 commutare
1045 670 1262 710 debebant.

117 735 165 776 In
194 737 269 777 hac
301 738 426 790 igitur
455 749 587 778 rerum
623 738 860 779 conditione
902 742 1109 794 ingentem
1147 740 1264 782 illum

100 818 165 847 -ac
195 806 380 859 quotidie
409 805 525 847 valde
547 817 722 848 tauctum
759 807 1085 851 Christianorum
1123 822 1266 852 nume-

116 889 205 918 rum
233 876 463 917 adversariis
493 877 726 931 gravissimo
758 867 1000 934 &rgumento
1028 881 1112 922 esse
1140 894 1268 936 opor-

117 938 256 998 tebat,
288 947 559 988 Christianam
605 947 840 990 societatem
878 951 1038 992 eximiis
1080 952 1265 993 constare

118 1019 240 1059 sociis
258 1047 270 1067 ,
302 1030 473 1071 eamque
486 1017 750 1073 religionem,
781 1022 848 1061 cui
865 1050 878 1069 ‚
911 1034 954 1061 re
971 1024 1140 1076 propius
1163 1036 1265 1078 cog-

118 1090 230 1137 nita,
263 1090 402 1130 invitis
431 1101 493 1130 tot
525 1091 726 1142 tantisque
764 1091 1092 1144 impedimentis,
1138 1092 1266 1135 multa

118 1146 246 1199 millia
272 1159 482 1201 hominum
508 1172 658 1201 nomen
686 1160 853 1211 darent,
884 1161 1009 1217 longe
1040 1163 1122 1203 esse
1150 1175 1267 1216 prae-

116 1227 404 1270 stantisfimam.

177 1298 427 1339 Adversariis
472 1310 605 1341 tamen
644 1313 844 1355 reponere
887 1300 1065 1344 licebat:
1123 1333 1153 1357 „
1181 1315 1268 1344 non

115 1397 148 1421 „‚
178 1368 272 1408 ideo
315 1368 499 1419 bonum,
545 1373 642 1424 quia
672 1372 824 1412 multos
849 1375 1080 1414 convertit:
1127 1374 1269 1428 quanti

118 1466 148 1491 „
181 1440 287 1479 enim
316 1439 366 1480 ad
402 1440 548 1481 malum
582 1442 916 1494 performantur‘?
953 1443 1109 1499 Quanti
1142 1455 1268 1484 trans-

80 1513 91 1525 ‘
118 1538 147 1560 ‚‚
178 1508 297 1564 fugae
320 1511 360 1550 in
389 1511 653 1564 perversum''
684 1510 779 1566 (ι).
840 1511 974 1568 Hujus
1014 1527 1114 1555 vero
1151 1515 1268 1556 dubi-

119 1580 285 1619 tationis
313 1581 395 1621 vim
425 1580 702 1629 Tertullianus
731 1585 786 1623 ita
826 1584 1002 1639 frangit,
1047 1596 1091 1626 ut
1118 1585 1269 1640 judici-

119 1650 225 1698 bus,
257 1650 500 1702 quibuscum
529 1652 737 1704 disputat,
767 1653 931 1706 prorsus
957 1655 1152 1695 diversam
1183 1656 1269 1697 esse

120 1718 398 1761 maleficorum
429 1733 472 1760 et
498 1721 824 1763 Christianorum
852 1723 997 1778 agendi
1038 1726 1235 1766 rationem
1253 1754 1268 1776 ‚

81 1836 85 1839 ,
120 1789 298 1831 instituta
334 1791 440 1832 inter
477 1803 673 1846 utrosque
703 1793 779 1834 hac
821 1796 1154 1848 comparatione,
1200 1796 1270 1837 de·
1331 1793 1336 1804 ¹

121 1860 313 1901 monstret
336 1861 595 1915 pulcerrime.
640 1892 668 1916 „
699 1863 828 1918 Quod
856 1876 951 1904 vere
969 1864 1118 1906 malum
1148 1866 1270 1916 est‚”

121 1932 283 1985 inquit,
327 1961 356 1985 „
399 1945 451 1972 ne
477 1935 549 1986 ipfi
577 1934 773 1987 quidem,
817 1947 922 1987 quos
951 1936 1083 1988 rapit,
1130 1935 1270 1977 defen-

124 2031 153 2055 „
184 2002 276 2043 dere
303 2015 380 2055 pro
405 2003 519 2044 bono
555 2004 715 2045 audent.
777 2004 912 2045 Omne
941 2005 1090 2047 malum
1118 2017 1188 2047 aut
1221 2007 1272 2047 ti-

125 2101 155 2126 „
185 2085 329 2123 more,
360 2084 427 2114 aut
453 2073 610 2128 pudore
645 2087 784 2117 natura
810 2075 1004 2128 perfudit.
1078 2074 1273 2129 Denique

1131 2173 1160 2198 υ
1190 2157 1272 2185 ma‘

174 2219 239 2265 (ι)
261 2222 385 2267 Apolog.
414 2232 447 2257 c.
473 2232 503 2257 1.
525 2225 627 2259 Conf.
650 2225 697 2261 ad
720 2226 894 2265 Nationes,
919 2223 961 2258 L.
991 2223 1017 2258 1.
1047 2231 1079 2258 c.
1110 2233 1141 2258 1.
