<?xml version="1.0" encoding="UTF-8"?>
<!DOCTYPE html PUBLIC "-//W3C//DTD XHTML 1.0 Transitional//EN"
    "http://www.w3.org/TR/xhtml1/DTD/xhtml1-transitional.dtd">
<html xmlns="http://www.w3.org/1999/xhtml" xml:lang="en" lang="en">
 <head>
  <title>
</title>
<meta http-equiv="Content-Type" content="text/html;charset=utf-8" />
  <meta name='ocr-system' content='tesseract 3.04.00' />
  <meta name='ocr-capabilities' content='ocr_page ocr_carea ocr_par ocr_line ocrx_word'/>
</head>
<body>
  <div class='ocr_page' id='page_1' title='image "annalesacademiae23acad_1063.png"; bbox 0 0 1513 2734; ppageno 0'>
   <div class='ocr_carea' id='block_1_1' title="bbox 0 2083 3 2686">
    <p class='ocr_par' dir='ltr' id='par_1_1' title="bbox 0 2083 3 2686">
     <span class='ocr_line' id='line_1_1' title="bbox 0 2083 3 2686; baseline 0 0"><span class='ocrx_word' id='word_1_1' title='bbox 0 2083 3 2686; x_wconf 95' lang='lat' dir='ltr'><em> </em></span> 
     </span>
    </p>
   </div>
   <div class='ocr_carea' id='block_1_2' title="bbox 589 148 844 207">
    <p class='ocr_par' dir='ltr' id='par_1_2' title="bbox 589 148 844 207">
     <span class='ocr_line' id='line_1_2' title="bbox 589 148 844 207; baseline -0.008 -8"><span class='ocrx_word' id='word_1_2' title='bbox 589 148 844 207; x_wconf 83' lang='lat'>(283)</span> 
     </span>
    </p>
   </div>
   <div class='ocr_carea' id='block_1_3' title="bbox 299 287 1136 1049">
    <p class='ocr_par' dir='ltr' id='par_1_3' title="bbox 299 287 1136 1049">
     <span class='ocr_line' id='line_1_3' title="bbox 327 287 1136 347; baseline 0.006 -20"><span class='ocrx_word' id='word_1_3' title='bbox 327 287 668 334; x_wconf 76' lang='lat' dir='ltr'><em>contrahentium</em></span> <span class='ocrx_word' id='word_1_4' title='bbox 698 287 1136 347; x_wconf 46' lang='lat' dir='ltr'><em>-praesumtiones,</em></span> 
     </span>
     <span class='ocr_line' id='line_1_4' title="bbox 311 359 1129 416; baseline 0.009 -21"><span class='ocrx_word' id='word_1_5' title='bbox 311 370 382 399; x_wconf 66' lang='lat' dir='ltr'><em>tex</em></span> <span class='ocrx_word' id='word_1_6' title='bbox 408 359 555 412; x_wconf 82' lang='lat' dir='ltr'><em>quibus</em></span> <span class='ocrx_word' id='word_1_7' title='bbox 590 361 640 403; x_wconf 88' lang='lat' dir='ltr'><em>de</em></span> <span class='ocrx_word' id='word_1_8' title='bbox 675 362 909 406; x_wconf 80' lang='lat' dir='ltr'><em>existentia</em></span> <span class='ocrx_word' id='word_1_9' title='bbox 944 361 1129 416; x_wconf 85' lang='lat' dir='ltr'><em>constat,</em></span> 
     </span>
     <span class='ocr_line' id='line_1_5' title="bbox 314 428 1130 482; baseline 0.007 -15"><span class='ocrx_word' id='word_1_10' title='bbox 314 437 369 468; x_wconf 28' lang='lat' dir='ltr'><em>ret</em></span> <span class='ocrx_word' id='word_1_11' title='bbox 388 428 554 482; x_wconf 84' lang='lat' dir='ltr'><em>quidem</em></span> <span class='ocrx_word' id='word_1_12' title='bbox 581 459 625 470; x_wconf 81' lang='grc'><strong>-</strong></span> <span class='ocrx_word' id='word_1_13' title='bbox 660 431 724 474; x_wconf 83' lang='lat'><em>10.</em></span> <span class='ocrx_word' id='word_1_14' title='bbox 748 433 797 473; x_wconf 87' lang='lat' dir='ltr'><em>de</em></span> <span class='ocrx_word' id='word_1_15' title='bbox 811 431 1047 474; x_wconf 71' lang='lat' dir='ltr'><em>existentia</em></span> <span class='ocrx_word' id='word_1_16' title='bbox 1060 431 1130 472; x_wconf 79' lang='lat' dir='ltr'><em>ho-</em></span> 
     </span>
     <span class='ocr_line' id='line_1_6' title="bbox 321 498 1130 544; baseline 0.007 -7"><span class='ocrx_word' id='word_1_17' title='bbox 321 498 487 540; x_wconf 83' lang='lat' dir='ltr'><em>minum</em></span> <span class='ocrx_word' id='word_1_18' title='bbox 525 533 563 541; x_wconf 76' lang='grc'><em>-</em></span> <span class='ocrx_word' id='word_1_19' title='bbox 596 503 663 544; x_wconf 83' lang='lat'><em>2⁰.</em></span> <span class='ocrx_word' id='word_1_20' title='bbox 707 503 757 544; x_wconf 84' lang='lat' dir='ltr'><em>de</em></span> <span class='ocrx_word' id='word_1_21' title='bbox 799 502 1033 544; x_wconf 74' lang='lat' dir='ltr'><em>existentia</em></span> <span class='ocrx_word' id='word_1_22' title='bbox 1064 515 1130 543; x_wconf 88' lang='lat' dir='ltr'><em>re-</em></span> 
     </span>
     <span class='ocr_line' id='line_1_7' title="bbox 324 570 1132 628; baseline 0.009 -21"><span class='ocrx_word' id='word_1_23' title='bbox 324 581 423 610; x_wconf 82' lang='lat' dir='ltr'><em>rum</em></span> <span class='ocrx_word' id='word_1_24' title='bbox 451 596 498 606; x_wconf 91' lang='lat'>-</span> <span class='ocrx_word' id='word_1_25' title='bbox 530 572 597 626; x_wconf 80' lang='lat'><em>30.</em></span> <span class='ocrx_word' id='word_1_26' title='bbox 641 573 692 614; x_wconf 81' lang='lat' dir='ltr'><em>de</em></span> <span class='ocrx_word' id='word_1_27' title='bbox 731 572 964 615; x_wconf 73' lang='lat' dir='ltr'><em>existentia</em></span> <span class='ocrx_word' id='word_1_28' title='bbox 993 570 1132 628; x_wconf 84' lang='lat' dir='ltr'><em>facto·</em></span> 
     </span>
     <span class='ocr_line' id='line_1_8' title="bbox 317 641 1131 698; baseline 0.002 -17"><span class='ocrx_word' id='word_1_29' title='bbox 317 652 424 682; x_wconf 82' lang='lat' dir='ltr'><em>-rum</em></span> <span class='ocrx_word' id='word_1_30' title='bbox 452 670 492 680; x_wconf 85' lang='lat'><em>-</em></span> <span class='ocrx_word' id='word_1_31' title='bbox 506 641 843 698; x_wconf 74' lang='lat' dir='ltr'><em>praesumtiones</em></span> <span class='ocrx_word' id='word_1_32' title='bbox 858 674 871 693; x_wconf 81' lang='grc'><em>,</em></span> <span class='ocrx_word' id='word_1_33' title='bbox 902 656 957 685; x_wconf 83' lang='lat' dir='ltr'><em>ex</em></span> <span class='ocrx_word' id='word_1_34' title='bbox 980 642 1131 698; x_wconf 80' lang='lat' dir='ltr'><em>quibus</em></span> 
     </span>
     <span class='ocr_line' id='line_1_9' title="bbox 313 711 1131 769; baseline 0.004 -19"><span class='ocrx_word' id='word_1_35' title='bbox 313 711 508 767; x_wconf 67' lang='lat' dir='ltr'><em>constat,</em></span> <span class='ocrx_word' id='word_1_36' title='bbox 540 715 714 768; x_wconf 81' lang='lat' dir='ltr'><em>quinam</em></span> <span class='ocrx_word' id='word_1_37' title='bbox 734 714 852 769; x_wconf 83' lang='lat' dir='ltr'><em>facti</em></span> <span class='ocrx_word' id='word_1_38' title='bbox 874 723 1029 755; x_wconf 79' lang='lat' dir='ltr'><em>auctor</em></span> <span class='ocrx_word' id='word_1_39' title='bbox 1059 727 1131 754; x_wconf 85' lang='lat' dir='ltr'><em>ex-</em></span> 
     </span>
     <span class='ocr_line' id='line_1_10' title="bbox 318 779 1131 839; baseline 0.001 -18"><span class='ocrx_word' id='word_1_40' title='bbox 318 779 435 835; x_wconf 82' lang='lat' dir='ltr'><em>stitit</em></span> <span class='ocrx_word' id='word_1_41' title='bbox 460 808 507 818; x_wconf 93' lang='lat'>—</span> <span class='ocrx_word' id='word_1_42' title='bbox 521 782 883 839; x_wconf 81' lang='lat' dir='ltr'><em>praesumtiones,</em></span> <span class='ocrx_word' id='word_1_43' title='bbox 911 797 964 825; x_wconf 80' lang='lat' dir='ltr'><em>ex</em></span> <span class='ocrx_word' id='word_1_44' title='bbox 982 782 1131 837; x_wconf 80' lang='lat' dir='ltr'><em>quibus</em></span> 
     </span>
     <span class='ocr_line' id='line_1_11' title="bbox 325 851 1132 908; baseline 0.002 -16"><span class='ocrx_word' id='word_1_45' title='bbox 325 851 485 908; x_wconf 82' lang='lat' dir='ltr'><em>constat</em></span> <span class='ocrx_word' id='word_1_46' title='bbox 498 883 511 902; x_wconf 86' lang='lat'>‚</span> <span class='ocrx_word' id='word_1_47' title='bbox 529 864 687 899; x_wconf 17' lang='lat' dir='ltr'><em>*utrum</em></span> <span class='ocrx_word' id='word_1_48' title='bbox 705 855 833 896; x_wconf 79' lang='lat' dir='ltr'><em>liberi</em></span> <span class='ocrx_word' id='word_1_49' title='bbox 848 853 1032 908; x_wconf 80' lang='lat' dir='ltr'><em>legitimi</em></span> <span class='ocrx_word' id='word_1_50' title='bbox 1052 851 1132 894; x_wconf 73' lang='lat' dir='ltr'><em>ha-</em></span> 
     </span>
     <span class='ocr_line' id='line_1_12' title="bbox 299 919 1132 979; baseline 0.005 -19"><span class='ocrx_word' id='word_1_51' title='bbox 299 919 449 969; x_wconf 66' lang='lat' dir='ltr'><em>„bentii</em></span> <span class='ocrx_word' id='word_1_52' title='bbox 462 922 570 974; x_wconf 82' lang='lat' dir='ltr'><em>sint,</em></span> <span class='ocrx_word' id='word_1_53' title='bbox 602 938 661 964; x_wconf 83' lang='lat' dir='ltr'><em>an</em></span> <span class='ocrx_word' id='word_1_54' title='bbox 682 939 761 965; x_wconf 83' lang='lat' dir='ltr'><em>non</em></span> <span class='ocrx_word' id='word_1_55' title='bbox 777 923 962 979; x_wconf 82' lang='lat' dir='ltr'><em>legitimi</em></span> <span class='ocrx_word' id='word_1_56' title='bbox 982 950 1028 960; x_wconf 93' lang='grc'>-</span> <span class='ocrx_word' id='word_1_57' title='bbox 1044 922 1132 976; x_wconf 78' lang='lat' dir='ltr'><em>epi-</em></span> 
     </span>
     <span class='ocr_line' id='line_1_13' title="bbox 323 989 1086 1049; baseline 0.004 -19"><span class='ocrx_word' id='word_1_58' title='bbox 323 989 441 1044; x_wconf 79' lang='lat' dir='ltr'><em>logus</em></span> <span class='ocrx_word' id='word_1_59' title='bbox 469 1001 511 1032; x_wconf 90' lang='lat' dir='ltr'><em>et</em></span> <span class='ocrx_word' id='word_1_60' title='bbox 534 993 740 1048; x_wconf 78' lang='lat' dir='ltr'><em>transitus</em></span> <span class='ocrx_word' id='word_1_61' title='bbox 771 994 832 1036; x_wconf 84' lang='lat' dir='ltr'><em>ad</em></span> <span class='ocrx_word' id='word_1_62' title='bbox 845 991 1086 1049; x_wconf 82' lang='lat' dir='ltr'><em>sequentia.</em></span> 
     </span>
    </p>
   </div>
   <div class='ocr_carea' id='block_1_4' title="bbox 363 1128 1077 1175">
    <p class='ocr_par' dir='ltr' id='par_1_4' title="bbox 363 1128 1077 1175">
     <span class='ocr_line' id='line_1_14' title="bbox 363 1128 1077 1175; baseline 0.004 -6"><span class='ocrx_word' id='word_1_63' title='bbox 363 1128 612 1174; x_wconf 84' lang='lat' dir='ltr'><em>PARS</em></span> <span class='ocrx_word' id='word_1_64' title='bbox 667 1130 1077 1175; x_wconf 85' lang='lat' dir='ltr'><em>ALTERA.</em></span> 
     </span>
    </p>
   </div>
   <div class='ocr_carea' id='block_1_5' title="bbox 153 1281 1137 1607">
    <p class='ocr_par' dir='ltr' id='par_1_5' title="bbox 153 1281 1137 1607">
     <span class='ocr_line' id='line_1_15' title="bbox 153 1281 1131 1316; baseline 0.003 -6"><span class='ocrx_word' id='word_1_65' title='bbox 153 1281 208 1310; x_wconf 82' lang='lat' dir='ltr'><em>DE</em></span> <span class='ocrx_word' id='word_1_66' title='bbox 237 1282 464 1312; x_wconf 79' lang='lat' dir='ltr'>DOCTRINA</span> <span class='ocrx_word' id='word_1_67' title='bbox 486 1285 652 1315; x_wconf 89' lang='lat' dir='ltr'>CODICIS</span> <span class='ocrx_word' id='word_1_68' title='bbox 684 1286 1008 1316; x_wconf 85' lang='lat' dir='ltr'>NAPOLEONTICI</span> <span class='ocrx_word' id='word_1_69' title='bbox 1038 1286 1131 1315; x_wconf 81' lang='lat' dir='ltr'>CIR-.</span> 
     </span>
     <span class='ocr_line' id='line_1_16' title="bbox 210 1353 1137 1388; baseline 0.004 -8"><span class='ocrx_word' id='word_1_70' title='bbox 210 1353 265 1381; x_wconf 85' lang='lat' dir='ltr'><em>CA</em></span> <span class='ocrx_word' id='word_1_71' title='bbox 297 1353 375 1381; x_wconf 88' lang='lat' dir='ltr'><em>VIM</em></span> <span class='ocrx_word' id='word_1_72' title='bbox 405 1355 808 1387; x_wconf 84' lang='lat' dir='ltr'><strong>PRAESUMTIONIBUS</strong></span> <span class='ocrx_word' id='word_1_73' title='bbox 836 1359 953 1388; x_wconf 82' lang='lat' dir='ltr'>LEGIS</span> <span class='ocrx_word' id='word_1_74' title='bbox 984 1357 1137 1386; x_wconf 85' lang='lat' dir='ltr'>TRIBU-</span> 
     </span>
     <span class='ocr_line' id='line_1_17' title="bbox 210 1423 1134 1461; baseline 0.004 -11"><span class='ocrx_word' id='word_1_75' title='bbox 210 1423 394 1461; x_wconf 75' lang='lat' dir='ltr'><strong>ENDAM,</strong></span> <span class='ocrx_word' id='word_1_76' title='bbox 427 1426 484 1454; x_wconf 88' lang='lat' dir='ltr'><em>UT</em></span> <span class='ocrx_word' id='word_1_77' title='bbox 512 1426 569 1454; x_wconf 84' lang='lat' dir='ltr'><em>ET</em></span> <span class='ocrx_word' id='word_1_78' title='bbox 596 1428 726 1456; x_wconf 85' lang='lat' dir='ltr'>CIRCA</span> <span class='ocrx_word' id='word_1_79' title='bbox 755 1427 962 1457; x_wconf 82' lang='lat' dir='ltr'>CRITERIA</span> <span class='ocrx_word' id='word_1_80' title='bbox 992 1426 1134 1455; x_wconf 80' lang='lat' dir='ltr'><strong>DIFFE-</strong></span> 
     </span>
     <span class='ocr_line' id='line_1_18' title="bbox 209 1493 1134 1537; baseline 0.004 -17"><span class='ocrx_word' id='word_1_81' title='bbox 209 1493 401 1522; x_wconf 78' lang='lat' dir='ltr'><strong>REN-TIAE</strong></span> <span class='ocrx_word' id='word_1_82' title='bbox 445 1495 580 1524; x_wconf 79' lang='lat' dir='ltr'>INTER</span> <span class='ocrx_word' id='word_1_83' title='bbox 623 1496 979 1525; x_wconf 83' lang='lat' dir='ltr'><strong>PRAESUMTIONES</strong></span> <span class='ocrx_word' id='word_1_84' title='bbox 1018 1495 1134 1537; x_wconf 88' lang='lat' dir='ltr'><strong>JURIS</strong></span> 
     </span>
     <span class='ocr_line' id='line_1_19' title="bbox 209 1563 1134 1607; baseline 0.003 -17"><span class='ocrx_word' id='word_1_85' title='bbox 209 1563 399 1592; x_wconf 84' lang='lat' dir='ltr'><strong>TANTUM</strong></span> <span class='ocrx_word' id='word_1_86' title='bbox 427 1565 482 1593; x_wconf 87' lang='lat' dir='ltr'><em>ET</em></span> <span class='ocrx_word' id='word_1_87' title='bbox 510 1565 626 1605; x_wconf 80' lang='lat' dir='ltr'>JURIS</span> <span class='ocrx_word' id='word_1_88' title='bbox 663 1566 718 1594; x_wconf 88' lang='lat' dir='ltr'><em>ET</em></span> <span class='ocrx_word' id='word_1_89' title='bbox 751 1566 811 1594; x_wconf 77' lang='lat' dir='ltr'><em>DE</em></span> <span class='ocrx_word' id='word_1_90' title='bbox 846 1565 977 1607; x_wconf 82' lang='lat' dir='ltr'>JURE,</span> <span class='ocrx_word' id='word_1_91' title='bbox 1017 1565 1134 1605; x_wconf 87' lang='lat' dir='ltr'><strong>QUAE</strong></span> 
     </span>
    </p>
   </div>
   <div class='ocr_carea' id='block_1_6' title="bbox 153 1622 1311 1804">
    <p class='ocr_par' dir='ltr' id='par_1_6' title="bbox 153 1622 1311 1804">
     <span class='ocr_line' id='line_1_20' title="bbox 209 1622 1311 1677; baseline 0.004 -18"><span class='ocrx_word' id='word_1_92' title='bbox 209 1633 351 1660; x_wconf 86' lang='lat' dir='ltr'>VULGO</span> <span class='ocrx_word' id='word_1_93' title='bbox 381 1633 610 1662; x_wconf 80' lang='lat' dir='ltr'><strong>DICUNTUR</strong></span> <span class='ocrx_word' id='word_1_94' title='bbox 614 1650 986 1662; x_wconf 90' lang='grc'><strong>......</strong></span> <span class='ocrx_word' id='word_1_95' title='bbox 1046 1622 1155 1677; x_wconf 83' lang='lat' dir='ltr'><em>Pag.</em></span> <span class='ocrx_word' id='word_1_96' title='bbox 1183 1633 1272 1676; x_wconf 82' lang='lat'>155.</span> <span class='ocrx_word' id='word_1_97' title='bbox 1309 1644 1311 1646; x_wconf 88' lang='lat'><em>-</em></span> 
     </span>
     <span class='ocr_line' id='line_1_21' title="bbox 153 1689 1131 1747; baseline 0.003 -17"><span class='ocrx_word' id='word_1_98' title='bbox 153 1691 192 1744; x_wconf 82' lang='lat'><em>§.</em></span> <span class='ocrx_word' id='word_1_99' title='bbox 224 1690 256 1731; x_wconf 90' lang='grc' dir='ltr'><em>Ι.</em></span> <span class='ocrx_word' id='word_1_100' title='bbox 287 1689 357 1730; x_wconf 85' lang='lat' dir='ltr'><em>De</em></span> <span class='ocrx_word' id='word_1_101' title='bbox 388 1691 494 1744; x_wconf 80' lang='lat' dir='ltr'><em>legis</em></span> <span class='ocrx_word' id='word_1_102' title='bbox 512 1689 881 1746; x_wconf 80' lang='lat' dir='ltr'><em>praesumtionum</em></span> <span class='ocrx_word' id='word_1_103' title='bbox 920 1693 966 1733; x_wconf 84' lang='grc' dir='ltr'><em>νὶ</em></span> <span class='ocrx_word' id='word_1_104' title='bbox 994 1692 1039 1733; x_wconf 88' lang='lat' dir='ltr'><em>in</em></span> <span class='ocrx_word' id='word_1_105' title='bbox 1059 1704 1131 1747; x_wconf 84' lang='lat' dir='ltr'><em>ge-</em></span> 
     </span>
     <span class='ocr_line' id='line_1_22' title="bbox 323 1762 1271 1804; baseline 0.004 -4"><span class='ocrx_word' id='word_1_106' title='bbox 323 1773 437 1801; x_wconf 77' lang='lat' dir='ltr'><em>nere.</em></span> <span class='ocrx_word' id='word_1_107' title='bbox 513 1790 523 1800; x_wconf 88' lang='lat'>.</span> <span class='ocrx_word' id='word_1_108' title='bbox 599 1792 609 1801; x_wconf 90' lang='lat'>.</span> <span class='ocrx_word' id='word_1_109' title='bbox 683 1792 1127 1804; x_wconf 87' lang='grc'><strong>.......</strong></span> <span class='ocrx_word' id='word_1_110' title='bbox 1216 1762 1271 1804; x_wconf 82' lang='lat' dir='ltr'><em>ib.</em></span> 
     </span>
    </p>
   </div>
   <div class='ocr_carea' id='block_1_7' title="bbox 151 1827 1269 2296">
    <p class='ocr_par' dir='ltr' id='par_1_7' title="bbox 151 1827 1269 2296">
     <span class='ocr_line' id='line_1_23' title="bbox 322 1827 1131 1887; baseline 0.005 -17"><span class='ocrx_word' id='word_1_111' title='bbox 322 1827 591 1884; x_wconf 79' lang='lat' dir='ltr'><em>Praesumtio</em></span> <span class='ocrx_word' id='word_1_112' title='bbox 611 1844 691 1872; x_wconf 82' lang='lat' dir='ltr'><em>non</em></span> <span class='ocrx_word' id='word_1_113' title='bbox 712 1831 830 1875; x_wconf 84' lang='lat' dir='ltr'><em>ducit</em></span> <span class='ocrx_word' id='word_1_114' title='bbox 850 1830 933 1886; x_wconf 80' lang='lat' dir='ltr'><em>uisi</em></span> <span class='ocrx_word' id='word_1_115' title='bbox 958 1833 1019 1874; x_wconf 84' lang='lat' dir='ltr'><em>ad</em></span> <span class='ocrx_word' id='word_1_116' title='bbox 1028 1841 1131 1887; x_wconf 85' lang='lat' dir='ltr'><em>pro-</em></span> 
     </span>
     <span class='ocr_line' id='line_1_24' title="bbox 308 1900 1130 1958; baseline 0.006 -18"><span class='ocrx_word' id='word_1_117' title='bbox 308 1900 595 1942; x_wconf 85' lang='lat' dir='ltr'><em>-habilitatem</em></span> <span class='ocrx_word' id='word_1_118' title='bbox 625 1926 667 1935; x_wconf 89' lang='lat'><em>-</em></span> <span class='ocrx_word' id='word_1_119' title='bbox 698 1903 862 1957; x_wconf 77' lang='lat' dir='ltr'><em>quando</em></span> <span class='ocrx_word' id='word_1_120' title='bbox 900 1905 944 1945; x_wconf 86' lang='lat' dir='ltr'><em>in</em></span> <span class='ocrx_word' id='word_1_121' title='bbox 966 1905 1130 1958; x_wconf 86' lang='lat' dir='ltr'><em>judicio</em></span> 
     </span>
     <span class='ocr_line' id='line_1_25' title="bbox 322 1968 1131 2030; baseline 0.005 -20"><span class='ocrx_word' id='word_1_122' title='bbox 322 1968 497 2026; x_wconf 84' lang='lat' dir='ltr'><em>defungi</em></span> <span class='ocrx_word' id='word_1_123' title='bbox 517 1970 742 2025; x_wconf 68' lang='lat' dir='ltr'><em>possimth</em></span> <span class='ocrx_word' id='word_1_124' title='bbox 764 1975 994 2030; x_wconf 28' lang='lat' dir='ltr'><em>*allegando</em></span> <span class='ocrx_word' id='word_1_125' title='bbox 1024 1976 1131 2029; x_wconf 77' lang='lat' dir='ltr'><em>legis</em></span> 
     </span>
     <span class='ocr_line' id='line_1_26' title="bbox 313 2037 1130 2100; baseline 0.007 -20"><span class='ocrx_word' id='word_1_126' title='bbox 313 2037 674 2095; x_wconf 80' lang='lat' dir='ltr'><em>praesumtionem</em></span> <span class='ocrx_word' id='word_1_127' title='bbox 699 2070 749 2078; x_wconf 79' lang='lat'><em>.-</em></span> <span class='ocrx_word' id='word_1_128' title='bbox 771 2043 1038 2100; x_wconf 81' lang='lat' dir='ltr'><em>praesumtio</em></span> <span class='ocrx_word' id='word_1_129' title='bbox 1073 2045 1130 2085; x_wconf 83' lang='lat' dir='ltr'><em>le-</em></span> 
     </span>
     <span class='ocr_line' id='line_1_27' title="bbox 319 2112 1066 2169; baseline 0.007 -18"><span class='ocrx_word' id='word_1_130' title='bbox 319 2112 387 2164; x_wconf 79' lang='lat' dir='ltr'><em>gis</em></span> <span class='ocrx_word' id='word_1_131' title='bbox 416 2113 581 2153; x_wconf 69' lang='lat' dir='ltr'><em>relevat</em></span> <span class='ocrx_word' id='word_1_132' title='bbox 608 2114 663 2154; x_wconf 86' lang='lat' dir='ltr'><em>ab</em></span> <span class='ocrx_word' id='word_1_133' title='bbox 694 2128 816 2156; x_wconf 83' lang='lat' dir='ltr'><em>onere</em></span> <span class='ocrx_word' id='word_1_134' title='bbox 835 2115 1066 2169; x_wconf 81' lang='lat' dir='ltr'><em>probandi.</em></span> 
     </span>
     <span class='ocr_line' id='line_1_28' title="bbox 151 2178 1127 2241; baseline 0.006 -20"><span class='ocrx_word' id='word_1_135' title='bbox 151 2180 176 2234; x_wconf 82' lang='lat'>§</span> <span class='ocrx_word' id='word_1_136' title='bbox 207 2179 260 2222; x_wconf 88' lang='lat'><em>11.</em></span> <span class='ocrx_word' id='word_1_137' title='bbox 290 2178 360 2222; x_wconf 91' lang='lat' dir='ltr'><em>De</em></span> <span class='ocrx_word' id='word_1_138' title='bbox 377 2178 745 2236; x_wconf 80' lang='lat' dir='ltr'><em>praesumtionum</em></span> <span class='ocrx_word' id='word_1_139' title='bbox 769 2186 812 2228; x_wconf 70' lang='lat' dir='ltr'><em>vi</em></span> <span class='ocrx_word' id='word_1_140' title='bbox 839 2195 880 2227; x_wconf 87' lang='lat' dir='ltr'><em>et</em></span> <span class='ocrx_word' id='word_1_141' title='bbox 906 2184 1055 2241; x_wconf 84' lang='lat' dir='ltr'><em>effectu</em></span> <span class='ocrx_word' id='word_1_142' title='bbox 1081 2186 1127 2227; x_wconf 88' lang='lat' dir='ltr'><em>in</em></span> 
     </span>
     <span class='ocr_line' id='line_1_29' title="bbox 1199 2266 1269 2296; baseline 0 0"><span class='ocrx_word' id='word_1_143' title='bbox 1199 2266 1269 2296; x_wconf 84' lang='lat' dir='ltr'><em>ca-</em></span> 
     </span>
    </p>
   </div>
  </div>
 </body>
</html>
