<?xml version="1.0" encoding="UTF-8"?>
<!DOCTYPE html PUBLIC "-//W3C//DTD XHTML 1.0 Transitional//EN"
    "http://www.w3.org/TR/xhtml1/DTD/xhtml1-transitional.dtd">
<html xmlns="http://www.w3.org/1999/xhtml" xml:lang="en" lang="en">
 <head>
  <title>
</title>
<meta http-equiv="Content-Type" content="text/html;charset=utf-8" />
  <meta name='ocr-system' content='tesseract 3.04.00' />
  <meta name='ocr-capabilities' content='ocr_page ocr_carea ocr_par ocr_line ocrx_word'/>
</head>
<body>
  <div class='ocr_page' id='page_1' title='image "annalesacademiae23acad_0879.png"; bbox 0 0 1513 2734; ppageno 0'>
   <div class='ocr_carea' id='block_1_1' title="bbox 507 127 762 187">
    <p class='ocr_par' dir='ltr' id='par_1_1' title="bbox 507 127 762 187">
     <span class='ocr_line' id='line_1_1' title="bbox 507 127 762 187; baseline -0.008 0"><span class='ocrx_word' id='word_1_1' title='bbox 507 131 675 187; x_wconf 49' lang='grc' dir='ltr'>(ιη</span> <span class='ocrx_word' id='word_1_2' title='bbox 735 127 762 184; x_wconf 91' lang='grc'>)</span> 
     </span>
    </p>
   </div>
   <div class='ocr_carea' id='block_1_2' title="bbox 132 267 1139 398">
    <p class='ocr_par' dir='ltr' id='par_1_2' title="bbox 132 267 1139 398">
     <span class='ocr_line' id='line_1_2' title="bbox 135 267 1139 327; baseline -0.006 -12"><span class='ocrx_word' id='word_1_3' title='bbox 135 274 235 323; x_wconf 62' lang='lat' dir='ltr'>bus»,</span> <span class='ocrx_word' id='word_1_4' title='bbox 281 273 386 327; x_wconf 85' lang='lat' dir='ltr'>parti</span> <span class='ocrx_word' id='word_1_5' title='bbox 414 283 546 313; x_wconf 88' lang='lat' dir='ltr'>tamen</span> <span class='ocrx_word' id='word_1_6' title='bbox 581 270 709 311; x_wconf 83' lang='lat' dir='ltr'>laesae</span> <span class='ocrx_word' id='word_1_7' title='bbox 731 267 863 312; x_wconf 74' lang='lat' dir='ltr'>,licere</span> <span class='ocrx_word' id='word_1_8' title='bbox 889 269 1000 312; x_wconf 87' lang='lat' dir='ltr'>suum</span> <span class='ocrx_word' id='word_1_9' title='bbox 1027 267 1139 325; x_wconf 86' lang='lat' dir='ltr'>sepa-</span> 
     </span>
     <span class='ocr_line' id='line_1_3' title="bbox 132 338 798 398; baseline -0.008 -12"><span class='ocrx_word' id='word_1_10' title='bbox 132 345 249 386; x_wconf 81' lang='lat' dir='ltr'>ratim</span> <span class='ocrx_word' id='word_1_11' title='bbox 270 342 459 398; x_wconf 86' lang='lat' dir='ltr'>persequi</span> <span class='ocrx_word' id='word_1_12' title='bbox 486 341 673 384; x_wconf 89' lang='lat' dir='ltr'>dolorem</span> <span class='ocrx_word' id='word_1_13' title='bbox 699 338 798 396; x_wconf 82' lang='grc' dir='ltr'>(ι).</span> 
     </span>
    </p>
   </div>
   <div class='ocr_carea' id='block_1_3' title="bbox 534 481 725 537">
    <p class='ocr_par' dir='ltr' id='par_1_3' title="bbox 534 481 725 537">
     <span class='ocr_line' id='line_1_4' title="bbox 534 481 725 537; baseline -0.016 -12"><span class='ocrx_word' id='word_1_14' title='bbox 534 481 725 537; x_wconf 72' lang='lat' dir='ltr'>§XWL</span> 
     </span>
    </p>
   </div>
   <div class='ocr_carea' id='block_1_4' title="bbox 129 617 1144 818">
    <p class='ocr_par' dir='ltr' id='par_1_4' title="bbox 129 617 1144 818">
     <span class='ocr_line' id='line_1_5' title="bbox 129 617 1144 679; baseline -0.005 -13"><span class='ocrx_word' id='word_1_15' title='bbox 129 624 201 666; x_wconf 84' lang='lat' dir='ltr'>De</span> <span class='ocrx_word' id='word_1_16' title='bbox 245 634 401 679; x_wconf 77' lang='lat' dir='ltr'>quarto</span> <span class='ocrx_word' id='word_1_17' title='bbox 445 622 549 665; x_wconf 79' lang='lat' dir='ltr'>Art.</span> <span class='ocrx_word' id='word_1_18' title='bbox 597 634 699 677; x_wconf 82' lang='lat'>1351</span> <span class='ocrx_word' id='word_1_19' title='bbox 762 617 987 676; x_wconf 70' lang='lat' dir='ltr'>requisito,</span> <span class='ocrx_word' id='word_1_20' title='bbox 1034 620 1144 676; x_wconf 82' lang='lat' dir='ltr'>quod</span> 
     </span>
     <span class='ocr_line' id='line_1_6' title="bbox 187 687 1084 750; baseline -0.004 -14"><span class='ocrx_word' id='word_1_21' title='bbox 187 707 256 736; x_wconf 75' lang='lat' dir='ltr'>res</span> <span class='ocrx_word' id='word_1_22' title='bbox 287 695 384 750; x_wconf 81' lang='lat' dir='ltr'>peti</span> <span class='ocrx_word' id='word_1_23' title='bbox 413 694 563 736; x_wconf 77' lang='lat' dir='ltr'>debeat</span> <span class='ocrx_word' id='word_1_24' title='bbox 600 694 719 735; x_wconf 79' lang='lat' dir='ltr'>inter</span> <span class='ocrx_word' id='word_1_25' title='bbox 746 692 913 733; x_wconf 79' lang='lat' dir='ltr'>easdem</span> <span class='ocrx_word' id='word_1_26' title='bbox 937 687 1084 746; x_wconf 79' lang='lat' dir='ltr'>perfh-</span> 
     </span>
     <span class='ocr_line' id='line_1_7' title="bbox 328 762 925 818; baseline -0.007 -12"><span class='ocrx_word' id='word_1_27' title='bbox 328 776 409 807; x_wconf 68' lang='grc' dir='ltr'>ηας</span> <span class='ocrx_word' id='word_1_28' title='bbox 439 765 485 807; x_wconf 75' lang='lat' dir='ltr'>in</span> <span class='ocrx_word' id='word_1_29' title='bbox 515 764 661 807; x_wconf 78' lang='lat' dir='ltr'>eadem</span> <span class='ocrx_word' id='word_1_30' title='bbox 693 762 925 818; x_wconf 74' lang='lat' dir='ltr'><em>qualitate.</em></span> 
     </span>
    </p>
   </div>
   <div class='ocr_carea' id='block_1_5' title="bbox 122 899 1355 1804">
    <p class='ocr_par' dir='ltr' id='par_1_5' title="bbox 122 899 1355 1804">
     <span class='ocr_line' id='line_1_8' title="bbox 185 899 1355 966; baseline -0.002 -20"><span class='ocrx_word' id='word_1_31' title='bbox 185 903 407 959; x_wconf 88' lang='lat' dir='ltr'>Denique,</span> <span class='ocrx_word' id='word_1_32' title='bbox 439 915 484 946; x_wconf 88' lang='lat' dir='ltr'>ut</span> <span class='ocrx_word' id='word_1_33' title='bbox 508 905 741 947; x_wconf 83' lang='lat' dir='ltr'>auctoritati</span> <span class='ocrx_word' id='word_1_34' title='bbox 768 904 826 944; x_wconf 88' lang='lat' dir='ltr'>rei</span> <span class='ocrx_word' id='word_1_35' title='bbox 849 903 1053 958; x_wconf 78' lang='lat' dir='ltr'>Judicatae</span> <span class='ocrx_word' id='word_1_36' title='bbox 1078 899 1140 942; x_wconf 91' lang='lat'>10-</span> <span class='ocrx_word' id='word_1_37' title='bbox 1181 912 1355 966; x_wconf 28' lang='lat' dir='ltr'>‚Quaenam</span> 
     </span>
     <span class='ocr_line' id='line_1_9' title="bbox 126 959 1355 1037; baseline -0.005 -19"><span class='ocrx_word' id='word_1_38' title='bbox 126 989 200 1018; x_wconf 88' lang='lat' dir='ltr'>cus</span> <span class='ocrx_word' id='word_1_39' title='bbox 229 975 314 1016; x_wconf 88' lang='lat' dir='ltr'>esse</span> <span class='ocrx_word' id='word_1_40' title='bbox 334 976 490 1030; x_wconf 78' lang='lat' dir='ltr'>possit,</span> <span class='ocrx_word' id='word_1_41' title='bbox 521 976 769 1029; x_wconf 84' lang='lat' dir='ltr'>requiritur,</span> <span class='ocrx_word' id='word_1_42' title='bbox 800 985 846 1015; x_wconf 87' lang='lat' dir='ltr'>ut</span> <span class='ocrx_word' id='word_1_43' title='bbox 875 986 958 1015; x_wconf 91' lang='lat' dir='ltr'>non</span> <span class='ocrx_word' id='word_1_44' title='bbox 987 983 1138 1014; x_wconf 84' lang='lat' dir='ltr'>tantum</span> <span class='ocrx_word' id='word_1_45' title='bbox 1155 959 1355 1037; x_wconf 35' lang='lat' dir='ltr'>3322?ae</span> 
     </span>
     <span class='ocr_line' id='line_1_10' title="bbox 129 1042 1296 1101; baseline -0.005 -14"><span class='ocrx_word' id='word_1_46' title='bbox 129 1048 353 1099; x_wconf 83' lang='lat' dir='ltr'>personae,</span> <span class='ocrx_word' id='word_1_47' title='bbox 400 1060 503 1100; x_wconf 84' lang='lat' dir='ltr'>quae</span> <span class='ocrx_word' id='word_1_48' title='bbox 540 1048 581 1087; x_wconf 91' lang='lat' dir='ltr'>in</span> <span class='ocrx_word' id='word_1_49' title='bbox 616 1046 776 1101; x_wconf 87' lang='lat' dir='ltr'>J&#39;udicio</span> <span class='ocrx_word' id='word_1_50' title='bbox 816 1044 866 1086; x_wconf 89' lang='lat' dir='ltr'>cle</span> <span class='ocrx_word' id='word_1_51' title='bbox 904 1057 947 1085; x_wconf 89' lang='lat' dir='ltr'>re</span> <span class='ocrx_word' id='word_1_52' title='bbox 971 1042 1141 1097; x_wconf 61' lang='lat' dir='ltr'>quadam</span> <span class='ocrx_word' id='word_1_53' title='bbox 1156 1047 1296 1083; x_wconf 85' lang='lat' dir='ltr'>rundem</span> 
     </span>
     <span class='ocr_line' id='line_1_11' title="bbox 128 1096 1354 1182; baseline -0.002 -25"><span class='ocrx_word' id='word_1_54' title='bbox 128 1116 282 1172; x_wconf 72' lang='lat' dir='ltr'>a&#39;gunt,</span> <span class='ocrx_word' id='word_1_55' title='bbox 327 1118 491 1158; x_wconf 86' lang='lat' dir='ltr'>eaedem</span> <span class='ocrx_word' id='word_1_56' title='bbox 528 1117 630 1166; x_wconf 72' lang='lat' dir='ltr'>sint,</span> <span class='ocrx_word' id='word_1_57' title='bbox 675 1116 744 1158; x_wconf 85' lang='lat' dir='ltr'>sed</span> <span class='ocrx_word' id='word_1_58' title='bbox 769 1115 961 1170; x_wconf 83' lang='lat' dir='ltr'>insuper,</span> <span class='ocrx_word' id='word_1_59' title='bbox 1007 1125 1052 1155; x_wconf 88' lang='lat' dir='ltr'>ut</span> <span class='ocrx_word' id='word_1_60' title='bbox 1079 1096 1354 1182; x_wconf 42' lang='lat' dir='ltr'>ea-ffisssogssgfi,</span> 
     </span>
     <span class='ocr_line' id='line_1_12' title="bbox 124 1186 1219 1242; baseline -0.003 -14"><span class='ocrx_word' id='word_1_61' title='bbox 124 1199 213 1229; x_wconf 88' lang='lat' dir='ltr'>rum</span> <span class='ocrx_word' id='word_1_62' title='bbox 255 1187 395 1228; x_wconf 86' lang='lat' dir='ltr'>eadem</span> <span class='ocrx_word' id='word_1_63' title='bbox 439 1189 485 1230; x_wconf 86' lang='lat' dir='ltr'>fit</span> <span class='ocrx_word' id='word_1_64' title='bbox 528 1187 728 1229; x_wconf 86' lang='lat' dir='ltr'>conditio.</span> <span class='ocrx_word' id='word_1_65' title='bbox 805 1186 984 1242; x_wconf 87' lang='lat' dir='ltr'>Quando</span> <span class='ocrx_word' id='word_1_66' title='bbox 1015 1198 1054 1226; x_wconf 92' lang='lat' dir='ltr'>v.</span> <span class='ocrx_word' id='word_1_67' title='bbox 1083 1198 1144 1240; x_wconf 85' lang='lat' dir='ltr'>gr.</span> <span class='ocrx_word' id='word_1_68' title='bbox 1161 1195 1219 1220; x_wconf 83' lang='lat' dir='ltr'>tas.</span> 
     </span>
     <span class='ocr_line' id='line_1_13' title="bbox 124 1245 1146 1313; baseline 0.002 -19"><span class='ocrx_word' id='word_1_69' title='bbox 124 1265 260 1297; x_wconf 87' lang='lat' dir='ltr'>tecum</span> <span class='ocrx_word' id='word_1_70' title='bbox 305 1259 372 1313; x_wconf 84' lang='lat' dir='ltr'>egi</span> <span class='ocrx_word' id='word_1_71' title='bbox 426 1257 475 1298; x_wconf 89' lang='lat' dir='ltr'>de</span> <span class='ocrx_word' id='word_1_72' title='bbox 504 1257 728 1299; x_wconf 52' lang='lat' dir='ltr'>„solvendo</span> <span class='ocrx_word' id='word_1_73' title='bbox 784 1257 925 1300; x_wconf 90' lang='lat' dir='ltr'>debito</span> <span class='ocrx_word' id='word_1_74' title='bbox 979 1245 1146 1297; x_wconf 89' lang='lat' dir='ltr'>nomine</span> 
     </span>
     <span class='ocr_line' id='line_1_14' title="bbox 122 1326 1145 1383; baseline 0.001 -17"><span class='ocrx_word' id='word_1_75' title='bbox 122 1326 301 1379; x_wconf 82' lang='lat' dir='ltr'>pupilli,</span> <span class='ocrx_word' id='word_1_76' title='bbox 334 1327 450 1383; x_wconf 87' lang='lat' dir='ltr'>cujus</span> <span class='ocrx_word' id='word_1_77' title='bbox 483 1339 594 1369; x_wconf 87' lang='lat' dir='ltr'>tutor</span> <span class='ocrx_word' id='word_1_78' title='bbox 625 1340 764 1378; x_wconf 84' lang='lat' dir='ltr'>eram,</span> <span class='ocrx_word' id='word_1_79' title='bbox 795 1329 1013 1381; x_wconf 86' lang='lat' dir='ltr'>victusque</span> <span class='ocrx_word' id='word_1_80' title='bbox 1056 1326 1145 1378; x_wconf 86' lang='lat' dir='ltr'>fui,</span> 
     </span>
     <span class='ocr_line' id='line_1_15' title="bbox 122 1396 1145 1450; baseline -0.001 -13"><span class='ocrx_word' id='word_1_81' title='bbox 122 1397 269 1450; x_wconf 87' lang='lat' dir='ltr'>postea</span> <span class='ocrx_word' id='word_1_82' title='bbox 336 1410 434 1439; x_wconf 86' lang='lat' dir='ltr'>vero</span> <span class='ocrx_word' id='word_1_83' title='bbox 497 1399 664 1440; x_wconf 86' lang='lat' dir='ltr'>eandem</span> <span class='ocrx_word' id='word_1_84' title='bbox 721 1399 927 1440; x_wconf 82' lang='lat' dir='ltr'>actionem</span> <span class='ocrx_word' id='word_1_85' title='bbox 981 1396 1145 1437; x_wconf 85' lang='lat' dir='ltr'>instituo</span> 
     </span>
     <span class='ocr_line' id='line_1_16' title="bbox 123 1467 1143 1522; baseline 0.002 -16"><span class='ocrx_word' id='word_1_86' title='bbox 123 1477 218 1507; x_wconf 86' lang='lat' dir='ltr'>meo</span> <span class='ocrx_word' id='word_1_87' title='bbox 270 1469 463 1516; x_wconf 74' lang='lat' dir='ltr'>nomine,</span> <span class='ocrx_word' id='word_1_88' title='bbox 520 1481 543 1508; x_wconf 85' lang='lat' dir='ltr'><strong>a</strong></span> <span class='ocrx_word' id='word_1_89' title='bbox 589 1478 629 1507; x_wconf 85' lang='lat' dir='ltr'>te</span> <span class='ocrx_word' id='word_1_90' title='bbox 681 1467 826 1522; x_wconf 87' lang='lat' dir='ltr'>repelli</span> <span class='ocrx_word' id='word_1_91' title='bbox 868 1476 1030 1521; x_wconf 87' lang='lat' dir='ltr'>nequeo</span> <span class='ocrx_word' id='word_1_92' title='bbox 1075 1480 1143 1508; x_wconf 81' lang='lat' dir='ltr'>ex·-</span> 
     </span>
     <span class='ocr_line' id='line_1_17' title="bbox 124 1537 1145 1592; baseline 0 -14"><span class='ocrx_word' id='word_1_93' title='bbox 124 1537 319 1590; x_wconf 86' lang='lat' dir='ltr'>ceptione</span> <span class='ocrx_word' id='word_1_94' title='bbox 345 1539 404 1579; x_wconf 86' lang='lat' dir='ltr'>rei</span> <span class='ocrx_word' id='word_1_95' title='bbox 428 1538 661 1592; x_wconf 79' lang='lat' dir='ltr'>judicatae,</span> <span class='ocrx_word' id='word_1_96' title='bbox 707 1551 802 1581; x_wconf 89' lang='lat' dir='ltr'>cum</span> <span class='ocrx_word' id='word_1_97' title='bbox 833 1538 1020 1580; x_wconf 88' lang='lat' dir='ltr'>conditio</span> <span class='ocrx_word' id='word_1_98' title='bbox 1055 1547 1145 1578; x_wconf 79' lang='lat' dir='ltr'>mea</span> 
     </span>
     <span class='ocr_line' id='line_1_18' title="bbox 125 1607 1143 1662; baseline 0.002 -16"><span class='ocrx_word' id='word_1_99' title='bbox 125 1607 168 1647; x_wconf 84' lang='lat' dir='ltr'>in</span> <span class='ocrx_word' id='word_1_100' title='bbox 204 1608 334 1660; x_wconf 89' lang='lat' dir='ltr'>priori</span> <span class='ocrx_word' id='word_1_101' title='bbox 373 1608 534 1662; x_wconf 89' lang='lat' dir='ltr'>judicio</span> <span class='ocrx_word' id='word_1_102' title='bbox 577 1620 662 1648; x_wconf 89' lang='lat' dir='ltr'>non</span> <span class='ocrx_word' id='word_1_103' title='bbox 705 1609 829 1650; x_wconf 84' lang='lat' dir='ltr'>fuerit</span> <span class='ocrx_word' id='word_1_104' title='bbox 869 1610 1008 1650; x_wconf 87' lang='lat' dir='ltr'>eadem</span> <span class='ocrx_word' id='word_1_105' title='bbox 1049 1621 1143 1650; x_wconf 90' lang='lat' dir='ltr'>cum</span> 
     </span>
     <span class='ocr_line' id='line_1_19' title="bbox 127 1674 1144 1732; baseline 0.003 -14"><span class='ocrx_word' id='word_1_106' title='bbox 127 1677 327 1732; x_wconf 80' lang='lat' dir='ltr'>praesenti</span> <span class='ocrx_word' id='word_1_107' title='bbox 355 1679 445 1720; x_wconf 57' lang='lat' dir='ltr'>mest</span> <span class='ocrx_word' id='word_1_108' title='bbox 470 1674 709 1720; x_wconf 86' lang='lat' dir='ltr'>conditione</span> <span class='ocrx_word' id='word_1_109' title='bbox 742 1677 837 1732; x_wconf 79' lang='lat'>(2).</span> <span class='ocrx_word' id='word_1_110' title='bbox 914 1678 1049 1721; x_wconf 89' lang='lat' dir='ltr'>Probe</span> <span class='ocrx_word' id='word_1_111' title='bbox 1076 1692 1144 1721; x_wconf 85' lang='lat' dir='ltr'>au-</span> 
     </span>
     <span class='ocr_line' id='line_1_20' title="bbox 128 1749 1149 1804; baseline -0.002 -14"><span class='ocrx_word' id='word_1_112' title='bbox 128 1761 210 1790; x_wconf 86' lang='lat' dir='ltr'>tem</span> <span class='ocrx_word' id='word_1_113' title='bbox 241 1749 562 1797; x_wconf 83' lang='lat' dir='ltr'>observandum,</span> <span class='ocrx_word' id='word_1_114' title='bbox 595 1751 731 1791; x_wconf 78' lang='lat' dir='ltr'>causas</span> <span class='ocrx_word' id='word_1_115' title='bbox 759 1751 896 1791; x_wconf 77' lang='lat' dir='ltr'>adesse</span> <span class='ocrx_word' id='word_1_116' title='bbox 922 1750 1072 1804; x_wconf 89' lang='lat' dir='ltr'>posse,</span> <span class='ocrx_word' id='word_1_117' title='bbox 1105 1749 1149 1789; x_wconf 82' lang='lat' dir='ltr'>in</span> 
     </span>
    </p>
   </div>
   <div class='ocr_carea' id='block_1_6' title="bbox 127 1818 1142 1944">
    <p class='ocr_par' dir='ltr' id='par_1_6' title="bbox 127 1818 1142 1944">
     <span class='ocr_line' id='line_1_21' title="bbox 127 1818 1142 1874; baseline -0.002 -13"><span class='ocrx_word' id='word_1_118' title='bbox 127 1819 277 1874; x_wconf 83' lang='lat' dir='ltr'>quibus</span> <span class='ocrx_word' id='word_1_119' title='bbox 316 1818 488 1874; x_wconf 82' lang='lat' dir='ltr'>alicujus</span> <span class='ocrx_word' id='word_1_120' title='bbox 534 1819 697 1860; x_wconf 81' lang='lat' dir='ltr'>diverfis</span> <span class='ocrx_word' id='word_1_121' title='bbox 725 1820 765 1860; x_wconf 86' lang='lat' dir='ltr'>in</span> <span class='ocrx_word' id='word_1_122' title='bbox 792 1820 959 1874; x_wconf 86' lang='lat' dir='ltr'>judiciis</span> <span class='ocrx_word' id='word_1_123' title='bbox 986 1819 1142 1861; x_wconf 69' lang='lat' dir='ltr'>diversa</span> 
     </span>
     <span class='ocr_line' id='line_1_22' title="bbox 1049 1903 1139 1944; baseline -0.011 -13"><span class='ocrx_word' id='word_1_124' title='bbox 1049 1903 1139 1944; x_wconf 77' lang='lat' dir='ltr'>qui-</span> 
     </span>
    </p>
   </div>
   <div class='ocr_carea' id='block_1_7' title="bbox 122 2001 1145 2223">
    <p class='ocr_par' dir='ltr' id='par_1_7' title="bbox 122 2001 1145 2166">
     <span class='ocr_line' id='line_1_23' title="bbox 172 2001 1145 2051; baseline -0.001 -12"><span class='ocrx_word' id='word_1_125' title='bbox 172 2001 238 2050; x_wconf 80' lang='grc' dir='ltr'>(ι)</span> <span class='ocrx_word' id='word_1_126' title='bbox 259 2003 336 2042; x_wconf 86' lang='lat' dir='ltr'>Vid.</span> <span class='ocrx_word' id='word_1_127' title='bbox 365 2006 386 2041; x_wconf 88' lang='lat' dir='ltr'>l.</span> <span class='ocrx_word' id='word_1_128' title='bbox 410 2007 441 2042; x_wconf 90' lang='lat'>8.</span> <span class='ocrx_word' id='word_1_129' title='bbox 463 2007 537 2041; x_wconf 85' lang='lat' dir='ltr'><em>Cod.</em></span> <span class='ocrx_word' id='word_1_130' title='bbox 560 2007 600 2040; x_wconf 86' lang='lat' dir='ltr'>de</span> <span class='ocrx_word' id='word_1_131' title='bbox 616 2007 675 2041; x_wconf 79' lang='lat' dir='ltr'>His</span> <span class='ocrx_word' id='word_1_132' title='bbox 701 2019 733 2051; x_wconf 83' lang='lat' dir='ltr'>q.</span> <span class='ocrx_word' id='word_1_133' title='bbox 751 2017 819 2041; x_wconf 84' lang='lat' dir='ltr'><em>acc.</em></span> <span class='ocrx_word' id='word_1_134' title='bbox 849 2017 883 2042; x_wconf 83' lang='lat' dir='ltr'>n.</span> <span class='ocrx_word' id='word_1_135' title='bbox 899 2007 980 2051; x_wconf 74' lang='lat' dir='ltr'>poss:</span> <span class='ocrx_word' id='word_1_136' title='bbox 1004 2005 1025 2040; x_wconf 87' lang='lat'>1.</span> <span class='ocrx_word' id='word_1_137' title='bbox 1051 2018 1083 2040; x_wconf 68' lang='grc' dir='ltr'>α.</span> <span class='ocrx_word' id='word_1_138' title='bbox 1110 2013 1145 2039; x_wconf 88' lang='lat' dir='ltr'>et</span> 
     </span>
     <span class='ocr_line' id='line_1_24' title="bbox 122 2060 1144 2107; baseline 0 -11"><span class='ocrx_word' id='word_1_139' title='bbox 122 2060 149 2097; x_wconf 81' lang='lat'>&#39;1.</span> <span class='ocrx_word' id='word_1_140' title='bbox 173 2073 206 2106; x_wconf 83' lang='lat'>7.</span> <span class='ocrx_word' id='word_1_141' title='bbox 236 2064 255 2107; x_wconf 54' lang='grc' dir='ltr'>ᾗ</span> <span class='ocrx_word' id='word_1_142' title='bbox 281 2075 314 2098; x_wconf 85' lang='lat'>2.</span> <span class='ocrx_word' id='word_1_143' title='bbox 329 2061 371 2106; x_wconf 89' lang='lat' dir='ltr'>ff.</span> <span class='ocrx_word' id='word_1_144' title='bbox 395 2071 429 2096; x_wconf 85' lang='lat' dir='ltr'>et</span> <span class='ocrx_word' id='word_1_145' title='bbox 459 2063 481 2097; x_wconf 92' lang='lat' dir='ltr'>l.</span> <span class='ocrx_word' id='word_1_146' title='bbox 495 2073 529 2105; x_wconf 86' lang='lat'>9.</span> <span class='ocrx_word' id='word_1_147' title='bbox 554 2065 624 2098; x_wconf 84' lang='lat' dir='ltr'>Cod.</span> <span class='ocrx_word' id='word_1_148' title='bbox 648 2065 687 2097; x_wconf 83' lang='lat' dir='ltr'>de</span> <span class='ocrx_word' id='word_1_149' title='bbox 707 2062 858 2105; x_wconf 71' lang='lat' dir='ltr'>Accusat.</span> <span class='ocrx_word' id='word_1_150' title='bbox 905 2063 1006 2096; x_wconf 85' lang='lat' dir='ltr'>Conf.</span> <span class='ocrx_word' id='word_1_151' title='bbox 1036 2063 1066 2096; x_wconf 84' lang='lat' dir='ltr'>V</span> <span class='ocrx_word' id='word_1_152' title='bbox 1082 2063 1144 2096; x_wconf 86' lang='lat' dir='ltr'>in-</span> 
     </span>
     <span class='ocr_line' id='line_1_25' title="bbox 128 2116 829 2166; baseline -0.001 -11"><span class='ocrx_word' id='word_1_153' title='bbox 128 2130 148 2155; x_wconf 88' lang='lat' dir='ltr'>n</span> <span class='ocrx_word' id='word_1_154' title='bbox 164 2116 172 2152; x_wconf 84' lang='lat' dir='ltr'>i</span> <span class='ocrx_word' id='word_1_155' title='bbox 188 2131 209 2154; x_wconf 91' lang='lat' dir='ltr'>u</span> <span class='ocrx_word' id='word_1_156' title='bbox 226 2130 239 2153; x_wconf 92' lang='lat' dir='ltr'>s</span> <span class='ocrx_word' id='word_1_157' title='bbox 255 2144 265 2160; x_wconf 93' lang='lat'>,</span> <span class='ocrx_word' id='word_1_158' title='bbox 288 2120 335 2154; x_wconf 84' lang='lat' dir='ltr'>ad</span> <span class='ocrx_word' id='word_1_159' title='bbox 358 2120 376 2163; x_wconf 89' lang='lat'>§</span> <span class='ocrx_word' id='word_1_160' title='bbox 412 2130 440 2154; x_wconf 92' lang='lat'>1.</span> <span class='ocrx_word' id='word_1_161' title='bbox 467 2119 542 2163; x_wconf 80' lang='lat' dir='ltr'>lust.</span> <span class='ocrx_word' id='word_1_162' title='bbox 569 2121 609 2154; x_wconf 84' lang='lat' dir='ltr'>de</span> <span class='ocrx_word' id='word_1_163' title='bbox 633 2121 829 2166; x_wconf 45' lang='lat' dir='ltr'>,lumpubls</span> 
     </span>
    </p>

    <p class='ocr_par' dir='ltr' id='par_1_8' title="bbox 147 2174 989 2223">
     <span class='ocr_line' id='line_1_26' title="bbox 147 2174 989 2223; baseline 0 -13"><span class='ocrx_word' id='word_1_164' title='bbox 147 2178 151 2181; x_wconf 72' lang='grc'>“</span> <span class='ocrx_word' id='word_1_165' title='bbox 175 2174 238 2221; x_wconf 81' lang='lat'>(2)</span> <span class='ocrx_word' id='word_1_166' title='bbox 254 2174 340 2211; x_wconf 76' lang='lat' dir='ltr'>vid.</span> <span class='ocrx_word' id='word_1_167' title='bbox 361 2175 545 2211; x_wconf 73' lang='lat' dir='ltr'>Po&#39;thie</span> <span class='ocrx_word' id='word_1_168' title='bbox 561 2177 604 2220; x_wconf 82' lang='lat' dir='ltr'>r,</span> <span class='ocrx_word' id='word_1_169' title='bbox 629 2181 686 2223; x_wconf 78' lang='lat' dir='ltr'>Op,</span> <span class='ocrx_word' id='word_1_170' title='bbox 714 2178 803 2213; x_wconf 80' lang='lat' dir='ltr'>laud.</span> <span class='ocrx_word' id='word_1_171' title='bbox 828 2186 881 2218; x_wconf 68' lang='grc' dir='ltr'>ηρ.</span> <span class='ocrx_word' id='word_1_172' title='bbox 911 2177 989 2221; x_wconf 86' lang='lat'>897.</span> 
     </span>
    </p>
   </div>
  </div>
 </body>
</html>
