1513 2734
586 147 613 204 <
670 160 735 214 23*
778 144 810 234 ¹)

135 286 308 329 rixarum
332 284 464 326 fontes
489 285 818 340 dissidiorumque
834 315 847 336 ,
877 296 919 327 et
945 283 1117 325 detersas
1139 285 1253 336 esse,

136 371 211 410 hac
262 379 371 410 certe
414 379 569 419 aetate,
627 382 689 410 ex¹
715 367 1043 424 protestantium
1093 365 1256 421 quidem

85 490 91 498 ,
138 451 449 506 Theologorum
475 452 706 501 mentibus,
737 449 1135 505 quaeinveteraissent
1153 451 1256 504 jam,

138 535 222 574 odii
263 535 303 574 in
346 534 486 575 frat-res
516 534 690 577 maculas
715 545 835 588 atque
870 534 1005 575 labes!
1045 553 1084 563 -
1113 532 1259 588 Quod·

136 616 164 657 fi
219 619 310 671 quis
360 618 635 670 reponendum
679 617 798 660 ducat
837 627 904 659 aut
951 615 1260 671 objiciendum,

134 700 313 740 nondum
344 701 382 739 in
413 712 529 741 unam
566 711 696 740 tamen
726 700 972 754 eandemque
1000 711 1140 740 omnes
1167 697 1262 738 Bcl·

133 783 191 837 gii
221 780 506 838 protestantes
537 782 770 824 societatem
803 782 1026 832 coaluisse,
1072 795 1165 823 cum
1194 781 1262 822 sua

134 864 363 918 quibusque
391 866 503 917 priva
530 876 713 905 maneant
747 877 794 906 ac
819 863 1041 918 peculiaria
1079 875 1120 904 et
1161 875 1262 904 tem-

137 946 204 1000 pla
227 958 267 987 et
292 946 402 1002 leges
436 946 711 997 domesticae3
742 960 793 989 cx
817 961 868 988 eo
896 960 1020 990 unum
1048 947 1129 988 hoc
1156 947 1263 987 arbi-

138 1042 222 1071 tror
248 1030 332 1070 esse
360 1009 654 1082 quaerendum,
696 1031 724 1071 fi
761 1044 865 1084 quos
892 1030 1034 1071 fratres
1073 1029 1260 1080 noverit,

137 1111 333 1153 diuturnis
360 1114 463 1153 inter
491 1112 570 1152 sese
599 1113 702 1153 odiis
720 1113 1018 1162 exacerbatos,
1064 1114 1134 1166 qui
1152 1125 1261 1154 nunc

137 1193 294 1233 tandem
324 1195 363 1233 in
399 1195 564 1248 gratiam
590 1194 809 1244 redierint,
852 1201 987 1236 utrum
1026 1194 1131 1244 h03‚
1175 1208 1261 1249 quo

135 1275 290 1317 firmior
342 1275 496 1318 scilicet
548 1289 590 1317 et
634 1277 878 1318 constantior
914 1277 1179 1321 reconciliata
1215 1279 1262 1320 fit

130 1343 342 1409 amicitia,
387 1360 427 1399 in
453 1361 570 1401 unius
598 1360 699 1401 sedis
723 1372 838 1414 putet
865 1361 1058 1416 domique
1094 1361 1262 1403 claustra

131 1436 347 1496 'cogendos
380 1442 462 1483 esse
497 1454 538 1483 et
579 1443 919 1497 compellendos?
963 1461 1009 1469 -
1047 1444 1263 1500 Quidquid

136 1524 210 1574 fit;
252 1535 344 1565 vera
383 1525 712 1581 Proteslantium
748 1529 878 1568 unitas
917 1539 1000 1568 non
1036 1529 1078 1568 in
1111 1541 1265 1581 corpo-

135 1617 227 1648 rum
253 1608 460 1659 cernitur,
490 1608 557 1649 sed
583 1611 806 1652 animorum
829 1611 1146 1665 conjunctione:
1178 1623 1262 1652 non

140 1689 387 1742 templorum
430 1702 497 1733 aut
534 1691 861 1742 institutorum„
890 1693 958 1735 sed
994 1696 1188 1736 mentium
1223 1705 1265 1736 et

138 1771 326 1814 sensuum
355 1776 638 1816 commuuione
663 1774 864 1829 spectatur
902 1790 948 1819 ac
991 1778 1277 1823 consociatio-¹

136 1865 201 1895 ne.
275 1854 392 1910 Quae
430 1857 593 1910 quidem
633 1860 882 1910 concordia,
928 1862 1047 1902 bouis
1086 1863 1264 1915 expetita

141 1938 360 1987 omnibus,
393 1941 432 1979 in
461 1939 635 1995 Belgio,
679 1942 790 1994 quod
817 1955 922 1984 nunc
952 1956 1038 1994 est,
1082 1957 1174 1986 cum
1204 1945 1261 1985 se-

142 2019 232 2060 dem
264 2020 478 2062 collocarit
505 2036 552 2064 ac
582 2023 862 2075 domicilium,
893 2039 975 2066 non
1005 2039 1143 2081 potest
1170 2027 1261 2068 sane

138 2102 181 2142 in
219 2104 525 2146 contubernium
565 2118 647 2147 non
687 2107 820 2149 secum
861 2109 1090 2162 pertrahere
1121 2110 1262 2160 illam,

127 2197 242 2239 quae
282 2197 376 2242 non*
403 2186 658 2232 humanarum
685 2203 745 2232 est
775 2190 906 2234 litium
947 2194 1154 2244 ministra,
1197 2192 1265 2234 scd

1200 2276 1259 2318 di-
