1513 2734
175 1839 242 1867 tum
273 1832 369 1875 Juris-

741 137 995 199 (244)

375 278 488 333 quod
553 288 696 320 contra
762 277 968 332 posterius
1045 288 1127 317 non
1180 275 1365 317 admitta-

376 359 440 389 tur
476 349 666 389 contrarii
712 348 904 401 probatio
943 359 993 387 ex
1029 348 1256 399 nuperrime
1297 344 1365 385 de-

375 419 495 459 tectis
549 416 845 467 instrumentis,
902 428 1003 470 quae
1056 417 1246 468 probatio
1297 414 1368 455 ad-

372 488 508 530 versus
545 487 821 542 Jusjurandum
865 486 1160 540 suppletorium
1199 484 1368 525 admissa

371 557 552 608 videturt,
585 556 684 599 dicit
714 558 821 597 enim
852 557 952 611 Caj
971 568 1057 597 us:
1089 582 1118 609 „
1147 554 1368 596 admonen-

373 657 402 682 ,‚
433 628 473 669 di
516 629 675 676 sumus,
719 626 920 668 interdum
946 628 1066 667 etiam
1111 615 1205 678 post
1239 624 1370 679 jusju-

372 727 403 752 ‚,
432 699 597 739 randum
627 708 812 750 exactum
840 697 1020 750 permitti
1059 695 1371 737 Constitutioni-

372 796 403 821 „
434 768 510 808 bus
536 767 773 820 Principum
807 779 858 809 ex
887 769 1046 821 integro
1077 765 1232 807 causam
1276 776 1375 819 age-

373 865 404 891 „
433 850 502 888 re,
535 839 561 880 fi
591 840 680 891 quis
708 850 814 878 nova
843 837 1108 878 instrumenta<
1131 835 1169 876 se
1198 836 1371 875 invenis-

373 937 405 963 „
430 909 469 950 se
508 907 644 958 dicat,
689 910 838 963 quibus
875 920 983 949 nunc
1013 906 1120 948 solus
1143 905 1284 947 usurus
1311 905 1370 945 fit.

374 1009 404 1035 „
436 980 516 1025 Sed
567 980 640 1020 hae
690 979 1011 1020 Constitutiones
1055 979 1150 1018 tunc
1187 976 1373 1016 videntur

374 1080 404 1105 9,
434 1051 573 1092 locum
605 1051 782 1101 habere,
814 1062 906 1091 cum
948 1060 970 1089 a
1011 1048 1147 1102 judice
1177 1048 1267 1100 quis
1302 1044 1372 1085 ab·

376 1151 406 1176 „
436 1122 589 1162 solutus
625 1120 772 1162 fuerit:
817 1119 947 1160 solent
985 1120 1092 1159 enim
1131 1117 1290 1179 judiees
1332 1117 1373 1156 in

374 1221 404 1246 ‚,
434 1193 567 1233 dubiis
620 1192 744 1232 causis
788 1201 935 1232 exacto
976 1187 1263 1244 jurejurando,
1315 1185 1373 1226 se-

375 1252 608 1316 ,‚⁷cundum
649 1273 742 1312 eum
780 1260 992 1314 judicare,
1054 1260 1124 1313 qui
1166 1257 1371 1312 juraverit.

377 1362 406 1386 ,‚
436 1332 564 1387 Quod
607 1333 633 1374 s1
675 1331 772 1373 alias
815 1328 919 1372 inter
971 1330 1080 1383 ipsos
1113 1327 1373 1383 jurejurando

379 1432 408 1456 „
439 1413 680 1444 transactum
705 1403 750 1443 fit
777 1403 986 1458 negotium
1005 1398 1027 1450 ‚'
1061 1412 1142 1440 non
1181 1397 1375 1440 concedi-

380 1482 416 1526 „‘
441 1483 532 1521 tur,
573 1473 745 1516 eandem,
787 1472 943 1513 causam
990 1467 1235 1511 retractare'’
1279 1464 1374 1520 (1).

382 1541 514 1597 Hujus
566 1541 813 1582 differentiae
863 1542 979 1582 causa
1030 1541 1201 1580 maxime
1244 1539 1283 1577 in
1324 1549 1376 1578 eo

382 1612 609 1666 quaerenda
634 1622 723 1658 est,
761 1610 900 1662 quod,
929 1622 1022 1650 cum
1049 1610 1089 1649 in
1114 1607 1375 1663 jurejurando

383 1682 638 1738 suppletorio
654 1679 763 1720 nulla
777 1675 950 1732 partium
983 1680 1205 1720 conventio
1236 1678 1376 1720 locum

382 1754 584 1800 habuerit,
602 1751 721 1804 hujus
736 1751 853 1790 etiam
868 1750 1123 1804 jurisjurandi
1139 1761 1220 1789 non
1237 1750 1376 1789 eadem

381 1825 442 1866 vis
483 1822 566 1864 esse
598 1821 742 1863 debeat
783 1817 878 1874 (2).
921 1839 968 1847 —
1011 1819 1203 1874 Denique
1242 1821 1377 1875 quoad

459 1910 467 1914 -
1078 1888 1082 1890 ’
1291 1886 1386 1952 jusss

425 2007 489 2053 (ι)
513 2006 588 2040 Vid.
613 2007 635 2042 l.
660 2015 714 2047 31.
735 2005 775 2050 ffi
799 2006 837 2039 de
872 2004 1008 2046 Iul-esur.

401 2056 491 2110 ι(ε)
515 2063 589 2097 Vid.
623 2062 893 2102 Toullier‚
931 2064 952 2096 l.
983 2064 1004 2097 l.
1038 2066 1089 2096 11⁰.
1133 2073 1210 2107 427.
1246 2072 1279 2096 et
1310 2063 1376 2097 Pi-

385 2135 405 2167 g
421 2133 438 2156 e
455 2133 472 2155 a
485 2133 506 2155 u
523 2146 533 2161 ‚
556 2122 663 2155 Traile'
689 2119 726 2151 de
748 2119 783 2152 la
800 2119 929 2155 Proced.
952 2119 1004 2153 des
1026 2121 1156 2156 Taibuu.
1183 2122 1221 2154 de
1234 2120 1376 2160 France,

385 2181 461 2215 Vol.
489 2180 516 2213 1.
533 2187 606 2222 pag.
634 2176 711 2211 261.
