1513 2734
535 137 807 195 ’(63)

133 273 251 327 quit,
281 303 312 323 ‚‚
344 273 428 328 ipsa
457 278 622 331 negotia
653 277 907 321 Christianae
937 278 1156 330 factionis,
1189 295 1263 333 ut,

130 372 160 396 ‚‚
190 345 260 396 qui
317 343 419 385 mala
487 346 775 399 refutaverim,
840 349 948 391 bona
1010 352 1265 394 ostendam.'’

130 412 456 456 Christianorum
488 417 612 471 igitur
641 431 916 462 conventuum
945 420 1124 463 indolem
1140 423 1265 476 paulo

128 483 293 524 uberius
323 484 395 526 fibi
426 488 708 540 exponendam
750 489 881 531 sumit.
941 489 1068 546 Quod
1102 494 1265 546 quidem

128 564 180 594 eo
206 553 305 595 facit
347 556 548 607 consilio,
591 569 635 599 ut
688 557 856 600 ulterius
892 561 1124 603 adversariis
1174 577 1266 618 per-

129 622 289 665 suadeat
308 655 321 674 ,
353 625 611 669 Christianos
645 640 898 683 nequaquam
926 632 967 672 in
1009 633 1266 687 imperatoris

125 695 357 749 populique
387 695 566 738 Romani
617 699 843 752 perniciem
896 701 1152 755 conspirare,
1199 703 1268 746 sed

125 775 273 806 contra
313 768 475 818 quietos
503 767 587 808 esse
615 768 725 808 cives
751 770 927 832 piosffiie
956 771 1039 812 Dei
1071 773 1269 817 cultores..

126 835 246 890 Quae
275 847 407 877 tamen
434 837 677 879 Tertulliani
720 839 770 878 de
804 837 923 881 saeris
953 841 1034 882 illis
1065 842 1266 887 Christia-

124 918 271 948 norum
299 908 570 949 conventibus
614 910 788 950 narratio
818 923 912 952 cum
939 915 1077 965 potius
1106 915 1156 956 ad
1190 916 1267 957 ho-

125 989 213 1018 rum
243 977 642 1020 commendationem
660 1008 672 1027 ,
705 992 823 1033 quam
841 979 1142 1036 defensiOmm,
1172 1000 1265 1041 per-

125 1047 254 1088 tinere
293 1047 504 1097 videatur,
550 1061 668 1100 eam,
714 1049 783 1092 hic
822 1051 980 1094 missam
1009 1054 1184 1106 factam,
1221 1059 1264 1098 in

122 1116 248 1157 altera
274 1116 466 1160 Sectione
497 1117 568 1159 suo
593 1118 693 1162 loco
724 1121 857 1162 sumus
885 1123 1106 1166 exhibituri
1137 1123 1232 1180 (ι).

181 1186 381 1243 Quamvis
407 1199 540 1229 autem
569 1189 682 1232 hisce
710 1193 901 1234 omnibus
918 1224 930 1243 ‚
961 1208 1064 1248 quae
1080 1208 1262 1237 comme-

121 1259 393 1307 moravimus,
436 1258 666 1301 adversariis
710 1261 802 1304 satis
842 1263 1041 1319 superque
1092 1267 1261 1308 demon-

118 1326 280 1370 stratum
309 1328 436 1379 esset,
489 1329 746 1372 Christianos
778 1346 860 1374 non
887 1333 1033 1377 lzostili
1061 1337 1101 1377 in
1130 1338 1260 1391 impe-

118 1409 294 1438 ratorem
341 1398 625 1452 populumque
664 1400 897 1444 Romanum
950 1404 1046 1446 ferri
1090 1408 1256 1458 animo,

118 1468 183 1509 vel
228 1468 281 1510 fic
324 1480 456 1510 tamen
494 1482 634 1511 noster
670 1471 777 1513 suam
815 1475 991 1517 caussam
1017 1490 1099 1519 non
1124 1490 1256 1521 actam

118 1535 335 1587 censebat,
381 1551 512 1593 neque
564 1552 651 1582 eam
689 1555 821 1583 actam
870 1547 1031 1588 censere
1081 1560 1256 1602 poterat.

115 1604 239 1647 Licet
273 1609 380 1649 enim
426 1609 652 1660 constaret,
697 1612 956 1656 Christianos
1005 1618 1257 1671 reipublicae

116 1678 224 1720 haud
253 1678 434 1735 infensos
464 1682 579 1732 esse,
625 1682 661 1720 ei
695 1692 825 1723 tamen
865 1683 999 1740 obesse
1036 1688 1256 1729 credeban-

117 1759 194 1789 tur.
284 1748 462 1791 Romani
510 1753 699 1792 nimirum
753 1752 1010 1797 Christianos
1056 1757 1123 1799 sua
1158 1771 1255 1814 erga

114 1816 233 1860 Deos
262 1821 470 1873 impietate
497 1823 568 1876 ipfi
594 1834 760 1876 quoque
786 1824 946 1878 populo
974 1825 1165 1879 Deorum
1187 1829 1254 1888 in-

112 1889 277 1931 vidium
301 1898 476 1944 parare
520 1892 818 1945 opinabantur,
863 1906 999 1948 neque
1039 1910 1111 1938 eos
1136 1912 1251 1952 prae-

74 2009 78 2011 ·
115 1970 250 2009 terea,
280 1960 436 2016 ⁴quippe
461 1964 630 2003 inertem
659 1974 706 2003 ac
736 1957 1116 2012 defidiosamvitam
1131 1982 1252 2025 agen-

114 2039 202 2078 tes,
245 2029 437 2072 civitatis
473 2031 578 2086 flori
606 2033 907 2090 commodisque
935 2037 1153 2093 quidquam
1185 2040 1250 2081 in-

1152 2106 1247 2164 ser-

158 2173 222 2220 (1)
245 2175 321 2213 vid.
344 2177 450 2220 infra,
475 2178 508 2214 S.
532 2181 575 2216 11.
599 2181 631 2225 ἓ.
656 2181 718 2219 ΙΙΙ.
