1513 2734
546 165 573 217 (
634 160 771 221 59)

151 303 426 358 Dissertatio,
471 320 573 361 quae
618 307 747 349 tertio
788 306 888 348 loco
928 317 992 346 est
1028 305 1228 356 indicata,

92 402 218 444 quum
260 392 382 432 nimis
420 390 509 432 sero
553 391 758 433 Facultati
785 390 966 432 exhibita
995 389 1145 438 fuerit,
1181 388 1231 429 il—

91 473 171 514 lam
204 474 312 528 ipsa,
344 487 395 516 ex
425 473 516 529 lege
544 475 820 529 praescripta,
851 472 936 514 no'n
964 473 1044 514 fine
1073 471 1231 513 doloris

91 556 204 598 sensu
235 557 435 611 seposuit,
467 571 560 600 cum
585 558 820 612 praestantia
834 550 1020 611 proxime
1036 555 1232 598 accedere

91 641 298 682 videretur
331 640 535 701 Facultati
577 642 628 682 ad
666 640 1017 690 dissertationem,
1048 637 1232 696 secundo

91 722 190 764 loco
214 705 431 765 indica'tam
449 754 462 774 ‚
495 725 612 779 cujus
640 724 815 765 Auctori
843 725 941 778 quin
969 723 1103 777 palma
1129 721 1232 763 esset

91 807 330 861 tribuenda,
389 807 495 849 haud
544 807 744 848 dubitavit
786 806 994 852 Facultas2
1067 805 1116 846 In
1155 804 1231 845 hac

89 891 199 930 enim
240 889 520 932 dissertatione
562 891 730 945 infignia
775 901 971 943 apparent
1012 888 1232 929 industriae

91 972 409 1028 diligentiaeque
439 975 481 1014 in
515 984 757 1028 argumento
786 971 1072 1027 pertractando
1113 970 1233 1011 vesti-

93 1056 188 1111 gia,
220 1055 427 1098 luculenta
467 1057 666 1110 imprimis
707 1067 857 1110 operae
886 1053 1234 1109 Jurisprudentiae

93 1140 278 1193 gnaviter
313 1150 479 1179 navatae
509 1139 750 1192 specimina,
783 1150 925 1192 magna
954 1137 1115 1190 insuper
1145 1149 1232 1177 mo-

92 1220 238 1262 destiae
267 1221 618 1276 verecundiaeque
656 1221 916 1262 documenta.
977 1218 1127 1274 Neque
1167 1207 1255 1266 or-⁴

93 1304 148 1346 do
193 1305 380 1357 dubitat,
423 1307 523 1358 quin
566 1305 640 1347 hac
685 1304 965 1346 dissertatione
1011 1303 1232 1353 omnibus,

92 1388 244 1442 quibus
279 1388 381 1443 juris
425 1388 560 1430 civilis
605 1387 778 1430 studium
820 1387 987 1442 placet,
1021 1387 1060 1428 se
1087 1388 1234 1428 iterum

93 1470 327 1525 iterumque
343 1502 356 1522 ‚
396 1485 489 1512 cum
517 1472 568 1513 ab
594 1473 762 1527 ingenio
795 1482 881 1513 tum
908 1455 1008 1512 vero
1033 1471 1156 1511 etiam
1181 1469 1233 1510 ab

92 1566 282 1597 accurata
310 1555 563 1606 eruditione,
593 1555 939 1597 commendaverit
966 1566 1135 1603 auctor,
1167 1555 1236 1596 cui

89 1639 174 1694 J‘am
194 1645 197 1647 ’
216 1638 417 1692 superiori
457 1651 564 1680 anno
595 1653 617 1680 a
645 1650 789 1680 nostro
814 1639 958 1679 ordine
984 1638 1120 1679 debita
1148 1637 1235 1678 laus

94 1723 275 1772 tributa,
310 1734 358 1763 ›et
399 1735 529 1776 nuper
567 1722 699 1764 adhuc
729 1722 780 1763 ab
819 1721 961 1763 ordine
989 1721 1168 1776 juridico
1183 1721 1234 1762 *in

92 1805 314 1847 Academia
331 1806 582 1848 Gandavenfi
611 1807 835 1859 praemium
865 1805 944 1847 fuit
972 1805 1233 1861 adsignatum.

93 1889 248 1943 Aperta
277 1891 385 1930 enim
412 1888 606 1933 schedula
642 1901 851 1930 auctorem
892 1888 1076 1943 prodidit
1112 1887 1235 1929 Phi-

96 1970 322 2027 lippum
365 1973 712 2024 Serrurier‚
754 1972 839 2027 Jur.
887 1972 980 2014 Utr.
1021 1973 1062 2012 in
1103 1971 1234 2013 Acad.

94 2051 502 2110 Lugduno-Batava
557 2056 860 2107 Candidatumg
906 2057 1006 2109 qui,
1051 2054 1234 2108 instituto

94 2149 189 2179 cum
213 2138 304 2191 ipso
325 2141 622 2190 examine‚·ita
650 2139 813 2195 quidem
829 2140 880 2180 ad
907 2140 1165 2193 quaestiones
1193 2149 1235 2178 et

95 2221 357 2277 objectiones
410 2222 643 2277 respondit,
697 2234 742 2266 ut
782 2224 947 2264 minime
989 2222 1235 2264 dubitaverit

1166 2317 1230 2346 or-
