1513 2734
691 144 910 196 (260)

225 257 341 308 liet,
368 262 395 301 l.
431 261 459 301 l.
478 271 532 302 n..
554 264 616 300 28.
648 264 781 309 docet,
812 265 1074 316 probabilitati
1106 269 1228 306 locum
1262 266 1364 315 esse,

228 335 374 384 quando
396 335 519 382 plures
536 333 619 372 sunt
641 335 821 383 rationes,
860 337 997 386 quibus
1020 340 1298 378 determinemur
1323 340 1373 378 ad

232 406 340 446 fidem
359 406 463 445 alicui
486 407 537 444 rei
560 407 787 451 habendam,
816 401 1084 458 quam‘quibus
1104 422 1180 448 non
1204 412 1370 449 determi-

221 488 372 523 nemur‚
409 480 546 526 aliquid
572 489 690 518 autem
721 480 791 519 dici
829 482 1051 531 verifimile,
1088 483 1234 530 quando
1262 483 1368 521 etiam

221 551 350 598 plures
389 552 549 590 rationes
583 552 759 602 Judicium
793 563 962 592 nostrum
1005 554 1181 601 dirigunt.
1247 552 1367 596 Conf-

219 633 334 671 porro
360 623 560 672 Jacobus
598 625 897 672 ssernouiui„
949 627 1027 664 Ars
1056 625 1368 675 conjecturandi4

219 695 520 748 l'Encyclope'dle
534 726 547 744 ,
577 697 613 735 in
627 709 720 736 voce
733 727 745 742 .,
773 699 1011 737 Probabilite‘
1019 727 1031 745 ,
1061 699 1094 737 C
1105 711 1127 736 ο
1138 709 1163 735 n
1174 699 1197 735 d
1209 711 1231 736 o
1243 710 1261 736 r
1271 710 1290 736 c
1301 707 1344 735 et
1354 725 1370 746 ,

221 768 334 814 Essai
346 769 419 815 sm·
438 764 690 821 l'applicatt‘on
710 770 754 809 de
774 771 792 809 Ι
798 770 943 820 'analyf
941 784 959 808 e
993 771 1038 810 de
1073 772 1111 810 la
1141 770 1374 822 probabilitd
1422 781 1426 783 “

220 841 283 880 des
304 841 478 891 de'ct'fions
493 841 648 880 rendues
669 845 693 880 ἁ
713 843 751 882 la
765 845 961 896 pluralite'
978 843 1039 883 des
1059 846 1146 884 voix
1159 872 1172 890 ,
1199 853 1235 882 et
1261 843 1368 882 Vol-

221 912 367 956 taire,
396 911 508 960 Essai
519 914 594 961 sar
611 915 659 953 les
670 916 915 968 probabilite‘s
940 928 984 953 en
994 916 1079 963 fait
1100 916 1145 954 de
1161 915 1312 965 justice.

267 987 356 1035 Pag,
390 990 448 1026 16,
503 982 564 1021 ἐπὶ
613 985 653 1020 τὸ
687 985 851 1025 meis-ov.
931 990 1031 1028 Haec
1062 990 1201 1036 verba,
1228 983 1290 1022 ἐπὶ
1323 983 1366 1022 ’τὸ

216 1054 401 1103 meis-ov,
434 1058 502 1104 (ex
530 1072 570 1097 eo
595 1059 695 1110 quod
714 1060 936 1112 plerumque
965 1060 1062 1110 fit),
1107 1062 1152 1100 ab
1192 1059 1367 1099 omnibus

218 1128 296 1167 fere
325 1130 592 1179 Interpretibus
623 1131 823 1170 definitioni
858 1131 1137 1181 praesumtionis
1167 1132 1367 1187 subjiciun-

213 1209 289 1239 tur.
343 1202 629 1252 Quodammodo
658 1212 779 1242 tamen
804 1205 1018 1243 contrariam
1049 1204 1258 1243 sententiam
1291 1215 1365 1242 am-

214 1277 346 1325 plexus
377 1277 521 1315 videtur
561 1277 623 1316 Cl.
652 1277 807 1325 Voet‚
845 1279 890 1316 ad
919 1278 977 1317 tit.
1010 1276 1058 1327 ff.
1094 1278 1140 1317 de
1177 1276 1289 1315 Proh.
1328 1284 1365 1317 et

218 1347 371 1399 praefi,
399 1350 557 1392 docensq
579 1350 684 1388 etiam
707 1351 779 1389 dari
797 1350 948 1397 causas,
975 1351 1037 1388 ubi
1051 1361 1114 1397 ea,
1142 1362 1235 1397 quae
1245 1348 1363 1387 rarius

214 1421 412 1468 eveniunt,
435 1424 492 1458 lex
506 1422 725 1471 praesumit,
753 1435 872 1471 usque
885 1425 1003 1470 ade0‚
1028 1431 1070 1461 ut
1085 1431 1120 1460 et
1138 1423 1245 1471 super
1261 1433 1364 1470 prae-

215 1489 336 1529 sumto
367 1494 426 1530 tali
454 1494 640 1539 disponat.
696 1496 822 1544 HujUs
850 1495 900 1532 rei
931 1497 1006 1533 duo
1035 1496 1079 1532 ad
1101 1503 1221 1543 partes
1250 1502 1361 1533 vocat

213 1567 388 1613 exempla.
445 1565 550 1603 Prius
579 1567 773 1604 deductum
804 1575 861 1604 est
895 1578 937 1603 ex
955 1568 1050 1614 legg.
1076 1578 1095 1613 3
1125 1575 1160 1604 et
1182 1579 1219 1613 4.
1241 1564 1290 1615 ff.
1319 1566 1361 1604 Si

203 1647 300 1691 pars
326 1639 406 1675 her.
437 1646 541 1688 pean,
577 1637 714 1685 quibus
733 1637 928 1686 sancitum,
961 1646 1028 1684 ut,
1055 1637 1078 1675 fi
1110 1646 1212 1685 pater
1239 1650 1357 1677 uxore

211 1721 429 1760 praegnante
448 1720 482 1747 et
501 1710 585 1748 filiis
599 1712 671 1758 jam
697 1711 793 1749 natis
817 1710 952 1747 relictis
979 1710 1136 1748 moritur
1153 1739 1165 1757 ‚
1193 1723 1277 1750 cum
1305 1711 1359 1749 in-

207 1793 347 1820 certum
378 1782 492 1828 esset,
531 1791 624 1829 quot
647 1783 821 1821 nascituri
857 1784 925 1823 fint
961 1784 1087 1829 liberi,
1131 1782 1212 1822 fieri
1238 1791 1358 1822 autem

204 1855 346 1902 possit,
375 1865 414 1893 ut
433 1856 655 1904 tessgeminos
681 1858 762 1893 effat
788 1867 902 1904 uxor,
930 1865 1002 1894 tres
1027 1856 1133 1895 etiam
1162 1866 1286 1904 partes
1312 1867 1357 1899 ex.

204 1925 401 1965 hei-eiitate
449 1937 554 1966 utero
602 1927 842 1970 reserventur.
927 1928 1096 1966 Alterum
1152 1929 1356 1978 exemplum

204 1999 411 2040 invenimus
453 1985 491 2040 in
541 2005 612 2051 leg.
663 2005 724 2051 56.
751 2001 797 2051 ff.
843 2002 888 2040 de
945 2001 1082 2051 Usufr.
1129 2003 1193 2040 ubi
1245 2003 1356 2041 doce-

205 2084 310 2115 mur,
370 2077 564 2125 municipia
600 2088 664 2124 per
709 2084 855 2114 centum
894 2086 1010 2113 annos
1049 2075 1203 2114 retinere
1245 2074 1355 2124 posse

198 2146 494 2197 usumfructum,
532 2161 646 2198 quum
676 2149 708 2187 is
737 2148 820 2188 finis
853 2148 949 2187 vitae
988 2149 1161 2198 longaevi
1190 2147 1351 2188 hominis

1280 2220 1351 2267 fit,
