1513 2734
561 171 786 229 (39)

108 314 184 354 erit
223 312 262 353 vi
300 310 546 363 compofitae
581 312 760 351 omnium
801 310 974 358 virium,
1019 320 1119 364 ergo
1146 308 1172 350 fi
1201 308 1243 347 in

108 383 307 424 contraria
354 381 576 422 directione
618 380 845 432 applicatur
881 383 941 420 vis
968 378 1079 428 PK,
1112 380 1151 418 vi
1180 376 1245 418 ΡΙ

81 452 290 507 'perfecte
317 450 523 505 aequaliS,
575 451 685 491 adest
727 451 1011 505 aequilibrium
1051 451 1154 489 inter
1185 449 1248 488 vi-

108 535 171 564 res
213 521 322 563 datas
366 533 407 562 et
441 522 520 562 vim
551 519 647 562 PK.
678 538 722 545 -
754 520 907 576 Quodsi
939 521 999 562 vis
1024 519 1249 572 compofita

108 590 174 635 Pl
206 593 404 633 contraria
420 591 522 633 esset
537 592 604 633 alii
624 593 663 631 vi
692 592 805 633 datae
834 590 917 633 PK
935 621 948 638 ‚
979 602 1081 643 quae
1095 589 1250 643 magni-

110 663 247 704 tudine
275 662 555 717 aequivalebat
588 664 626 702 vi
656 661 749 712 ΡΙ,
793 661 1077 716 aequilibrium
1108 658 1251 712 sponte

109 731 267 774 adforet
310 734 349 772 in
406 734 550 774 virium
606 731 831 783 systemate.
877 754 908 760 -
950 730 1253 782 Aequilibrium
1317 752 1323 756 -

109 813 242 842 autem
283 801 425 854 sponte
468 801 550 842 dar-i
594 803 734 854 nequit
779 802 804 842 fi
845 801 950 840 vires
982 799 1118 841 versus
1159 810 1254 838 ean·

109 871 200 912 dem
230 870 388 925 plagam
425 884 576 925 corpus
604 873 792 921 trahunt3
825 869 891 911 sed
920 881 1004 910 tum
1031 869 1166 910 versus
1192 867 1252 909 di-

110 940 242 982 versas
268 943 454 995 regiones
479 944 518 983 in
549 955 699 995 corpus
723 953 843 996 agant
869 940 1032 983 necesse
1056 951 1130 981 est.

169 1011 243 1052 111.
277 1009 346 1051 Sic
378 1013 501 1066 igitur
531 1013 795 1054 Geometrice
824 1013 1025 1052 invenitur
1051 1012 1113 1052 vis
1140 1021 1255 1051 com·

112 1081 238 1134 pofita
262 1081 432 1135 ejusque
460 1081 658 1123 directio:
691 1083 715 1122 fi
740 1094 871 1123 autern
899 1080 1125 1122 constarent
1159 1081 1256 1121 viri-

113 1163 181 1194 um
203 1152 525 1206 magnitudines,
557 1161 773 1204 earumque
789 1151 1064 1199 directiones,
1095 1148 1162 1190 seu
1178 1161 1256 1202 po-

115 1222 192 1280 tius
219 1220 359 1275 anguli
383 1223 485 1261 inter
502 1221 748 1262 directiones
777 1220 1079 1275 comprehensi,
1103 1219 1256 1272 Analy-

114 1290 162 1332 fis
178 1303 298 1344 opem
314 1291 475 1344 quidem
493 1293 614 1333 nobis
631 1293 842 1345 praeberet
869 1291 917 1333 ad
938 1291 1256 1345 magnitudinem

99 1362 174 1416 ‘vis
212 1361 471 1414 compositae,
509 1364 821 1414 inveniendam3
867 1361 934 1404 sed
971 1363 1120 1404 etiamfi
1151 1361 1255 1402 hanc

112 1432 381 1477 invenerimus
398 1433 646 1486 implicatior
662 1447 777 1475 certo
796 1434 898 1475 esset
912 1464 924 1481 ,
957 1447 1078 1486 quam
1093 1444 1138 1475 ut
1154 1423 1257 1473 trac-

114 1511 197 1542 tatu
226 1502 327 1542 esset
353 1503 524 1543 idonea:
570 1505 704 1558 itaque
736 1505 1019 1566 Mathematici
1046 1503 1165 1544 aliam
1188 1515 1258 1544 ex·

114 1573 345 1626 cogitarunt
371 1574 607 1616 methodum
647 1575 913 1627 analyticam,
946 1575 1024 1628 qua
1051 1574 1120 1614 illa
1147 1584 1258 1626 mag-

113 1643 258 1684 nitudo
287 1635 326 1684 et
352 1644 523 1687 directio
549 1647 610 1686 vis
641 1647 918 1699 compositae,
949 1648 1008 1686 uti
1043 1655 1082 1686 et
1117 1643 1258 1697 aequi·

113 1712 288 1754 librium-
317 1715 460 1755 virium
492 1718 725 1771 agentium,
770 1716 1036 1758 exhibeantur
1072 1715 1260 1758 formulis

88 1811 92 1814 -
115 1783 392 1838 generalibus:
439 1786 551 1838 quod
579 1799 600 1825 e
627 1785 885 1841 sequentibus
915 1787 1085 1841 patebit.

118 1891 124 1898 .
160 1851 367 1897 ,IV.·Sint
399 1854 510 1904 PA‚
545 1856 624 1898 ΡΒ
665 1869 765 1897 caet.
808 1856 926 1912 (Fig.
973 1842 1073 1912 ΙΙ.)
1099 1857 1259 1912 aliquot

106 1922 250 1971 vires,
296 1927 460 1977 quarum
489 1927 740 1969 directiones
773 1929 814 1967 in
859 1929 965 1969 idem
997 1940 1195 1981 punctum
1225 1925 1261 1967 P

118 1995 389 2043 conveniant,
435 2008 475 2038 et
504 1998 552 2037 ad
582 1997 663 2039 hoc
691 2010 888 2051 punctum
916 1997 1024 2052 ipsae
1050 1997 1263 2052 applicen-

120 2073 206 2109 tur,
235 2064 345 2116 quod
386 2063 573 2114 (Introd.
615 2068 704 2109 Art.
730 2067 796 2122 5.)
838 2068 924 2109 fieri
966 2080 1119 2122 potest.
1150 2067 1261 2111 -In

122 2133 246 2188 plano
276 2135 413 2177 harum
440 2138 582 2179 virium
623 2152 719 2192 puta
753 2139 848 2179 duas
889 2138 1014 2180 lineas
1047 2140 1263 2194 perpendi·

120 2205 277 2248 culares
299 2203 340 2248 H
357 2205 392 2249 L
410 2243 414 2246 .
431 2219 474 2249 et
502 2206 628 2264 OQ,
659 2222 760 2265 quae
791 2220 993 2265 tamquam
1021 2223 1114 2252 axes
1141 2215 1264 2253 cobr-

1204 2281 1262 2322 di-
