1513 2734
573 171 606 227 «
656 179 719 227 51³
775 183 802 223 1

423 290 714 370 Dij1tdictzt71r
742 308 933 367 defensio.

146 466 150 470 ·
171 454 396 496 Christiani
426 463 597 508 propter
621 452 748 507 ipsam
781 453 870 495 suae
895 453 1107 510 religionis
1135 451 1252 495 indo·

113 526 222 576 lem,
267 525 383 581 cujus
423 526 504 565 vim
541 525 704 580 egregie
733 525 962 566 etiamnunc
991 518 1262 580 eonspietiam'

113 595 235 636 fuisse
277 597 317 637 in
361 594 542 649 ipsorum
585 595 768 635 moribus
809 594 964 648 saepius
992 597 1251 645 monuimus,

113 662 256 720 laeskze
287 664 524 721 majestatis
560 665 618 705 rei
646 663 847 705 Romanis
887 678 970 707 non
1012 666 1139 707 videri
1170 678 1254 706 non

111 746 315 789 poterant.
377 734 497 775 Vetat
539 734 646 774 enim
689 733 842 789 religiov
872 729 1105 777 Christiana·
1131 737 1257 791 piuri-

111 818 205 855 ma,
251 807 291 846 in
331 818 505 858 quorum
546 804 738 859 neglectu
782 804 963 847 Romani
1004 800 1256 860 reipublieae

111 876 198 917 odii
225 876 490 918 certisfimum
525 874 717 916 videbant
759 875 969 917 indicium.
1044 875 1258 932 Quocirca

111 959 244 1000 neque
274 945 349 988 hac
380 948 419 986 in
449 946 585 988 caussa
615 937 943 988 Christianorum
969 945 1142 988 societas
1167 946 1257 988 ullo

110 1016 194 1057 alio
223 1017 348 1057 modo
374 1016 647 1070 probabiliter
664 1017 837 1072 ⁴defendi
868 1009 1156 1070 poterat,''nifi
1187 1017 1258 1058 de-

113 1088 366 1129 monstrantia
397 1089 572 1129 vanitate
600 1081 644 1128 et'
685 1083 934 1141 turpitudine
963 1101 1104 1130 eorum
1147 1087 1256 1129 insti-

112 1169 298 1199 tutorum
316 1149 340 1208 ,'
362 1160 510 1212 quibus
539 1158 763 1206 Christiani
793 1155 1082 1198 renitebantur.
1267 1153 1270 1158 ’

226 1229 294 1271 Ad
308 1242 354 1270 ea
371 1231 494 1285 igitur
519 1230 781 1284 pertinebant
798 1214 1065 1284 fabrificz‘cn
1077 1237 1160 1283 pro
1180 1230 1259 1272 im-

102 1305 360 1363 peratorum
377 1296 524 1354 salute
536 1299 640 1341 Diis
657 1298 888 1356 offerenda.
921 1299 1038 1356 Quae
1056 1310 1149 1341 cum
1166 1288 1257 1354 plu-v

48 1418 51 1420 v
109 1369 257 1410 rimum
273 1369 406 1411 valere
427 1371 753 1413 existimarentur
781 1372 830 1413 ad
846 1371 962 1412 Deos
979 1371 1139 1411 Caesari
1165 1369 1256 1410 red-

110 1437 267 1479 dendos
297 1439 532 1493 propium,
564 1441 800 1494 quicunque
829 1453 875 1480 ea
899 1440 1135 1495 negligebat
1148 1439 1256 1480 Cae·

109 1508 206 1562 saris
237 1508 351 1550 saluti
380 1522 464 1550 non
492 1520 646 1564 tantum
669 1523 753 1553 nou
777 1510 1017 1560 consulere,
1050 1509 1118 1552 sed
1147 1507 1272 1551 male'

108 1581 235 1621 etiarn*
251 1580 358 1622 velle
373 1611 386 1628 ‚
412 1581 646 1622 videbatur.·

167 1649 285 1692 Hanc
300 1647 433 1692 autem
450 1650 724 1704 suspicionem
741 1641 1017 1692 Tertullianus
1038 1649 1138 1690 mira
1154 1662 1253 1703 qua-

109 1720 200 1762 dam
218 1720 427 1761 sedulitate
443 1733 465 1760 a
481 1712 728 1763 Christianis
742 1732 917 1763 amovet.
948 1718 1128 1761 Primum
1142 1721 1251 1761 enim

108 1791 340 1833 adversariis
380 1788 656 1842 demonstrat,
694 1792 913 1840 sacrificia,
957 1802 1036 1843 pro
1069 1789 1252 1831 Caesaris

109 1862 234 1904 salute
265 1861 338 1903 Dii
343 1875 360 1902 s
387 1862 548 1912 oblata,
577 1862 740 1903 nullius
771 1861 856 1902 esse
885 1860 1037 1914 pretii,
1068 1860 1275 1913 quando·¹
1310 1869 1314 1872 “

109 1933 275 1988 quidem
297 1931 407 1973 idola
430 1924 514 1973 non
537 1933 572 1973 ii
600 1932 753 1980 essent,
787 1933 857 1985 qui
873 1929 1041 1972 Caesari
1054 1929 1142 1971 uilo
1162 1945 1252 1973 mo-

84 2004 164 2055 ,do
195 2001 359 2056 possent
390 1998 637 2057 prospicem
713 2001 842 2058 Quod
880 2001 1065 2055 quamvis
1105 2000 1250 2055 supra,

58 2083 61 2085 ’
110 2075 350 2128 impugnato
377 2071 555 2126 plurium
590 2073 782 2115 Deorum
819 2071 960 2121 cultu,
996 2071 1086 2111 satis
1112 2066 1273 2124 super-³

112 2155 191 2197 que
221 2141 413 2194 probasse
444 2143 582 2196 posset
610 2144 789 2193 censeri,
821 2154 938 2183 acute
970 2146 1100 2183 tamen
1127 2147 1278 2195 atque*

114 2213 164 2255 ad
204 2224 289 2283 rem
315 2212 567 2267 praesentem
590 2211 900 2257 accommodate
930 2212 1040 2253 iden]
1060 2211 1167 2254 illud
1200 2211 1250 2254 de
1275 2218 1277 2221 ’

630 2285 672 2327 D
707 2298 731 2327 2
1191 2283 1254 2322 in..
