1513 2734
1170 164 1269 194 XXIX

188 308 290 338 nere
310 290 606 350 fungeretur,
642 290 698 334 ab
741 286 1007 345 amplissimis
1049 293 1267 335 curatori-

130 357 139 361 *
188 378 263 419 bus
292 378 336 418 in
369 374 572 432 senatum
605 375 871 417 introductus
893 371 1066 429 solenne
1086 375 1274 431 praesti·

188 461 244 502 tit
272 458 600 509 iusiurandum,
647 457 1060 514 congratulationem
1091 456 1276 499 Curato-

189 556 287 585 rum
317 540 532 596 Praesidis
557 539 715 596 Ampti.
746 553 801 583 DE
832 540 1070 582 BEAUFORT
1110 541 1277 594 accepit

188 635 230 667 ct
258 625 355 673 dein
394 626 440 666 in
481 623 736 666 cathedram
778 623 925 664 ductus
969 635 1119 665 munus
1148 622 1277 680 suum

179 705 275 763 fitit
317 708 596 761 auspicatus,
641 705 798 748 habita
839 706 1061 756 oratione,
1100 706 1148 747 de
1177 706 1275 748 Bel-

188 792 260 846 gio
282 789 540 844 Disciplinae
566 788 851 843 Theologicae
867 818 882 837 ‚
912 799 1049 829 nostra
1071 790 1272 843 imprimiS

185 885 346 923 aetate,
393 872 483 914 sede
527 872 802 927 pulcherrima
830 883 871 914 et
900 873 1075 914 maxime
1113 885 1273 927 oppor-

192 968 300 999 tuna.
592 944 595 949 ¹

80 1048 84 1052 ’
133 1039 173 1080 d.
205 1053 274 1080 xv1
304 1038 437 1081 Iunii.
500 1039 603 1081 Cum
625 1037 784 1095 senatu
810 1039 1178 1081 ·communicatum
1214 1047 1279 1081 est

189 1123 403 1164 decretum
433 1121 649 1177 Regium,
682 1122 722 1162 d.
752 1135 851 1162 xxlv
881 1122 1020 1175 April
1044 1121 1169 1162 huius
1196 1134 1278 1163 an-

188 1206 237 1247 ni
278 1205 446 1254 latum,
490 1217 567 1260 quo
602 1204 816 1261 statuitur
859 1203 1159 1245 HERMANNUM
1201 1203 1272 1245 Io-

189 1301 377 1331 HANNEM
406 1287 678 1339 Romans,
725 1285 865 1329 leeol.
892 1280 1155 1338 Doctorem‚
1198 1300 1279 1328 nu-

180 1379 267 1427 per
310 1372 356 1413 in
394 1372 482 1412 vico
524 1371 747 1413 Meerkerk
778 1369 1021 1431 Doctrinae
1065 1369 1279 1427 Christia-

188 1467 273 1498 nae
317 1455 623 1508 interpretem,
669 1464 861 1495 vocatum
903 1452 988 1509 esse
1019 1453 1081 1495 aa'
1107 1452 1278 1494 Theolo-

127 1549 130 1551 ’
189 1538 313 1594 giam
344 1547 476 1580 extra
507 1537 696 1578 ordinem
727 1537 773 1577 in
815 1535 899 1578 lzac
940 1536 1167 1578 academia
1208 1536 1278 1576 do-

189 1620 366 1662 cendam
411 1629 452 1660 et
491 1632 641 1661 munus
680 1619 987 1660 concionatoris
1042 1618 1280 1661 academici

187 1703 450 1753 obeundum,
496 1704 562 1744 ita
605 1712 778 1750 tamen,
818 1711 865 1742 ut
907 1715 1066 1758 quoque
1098 1700 1279 1757 senatus

189 1786 429 1829 academici
471 1795 512 1826 et
551 1785 714 1827 ordinis
756 1783 794 1826 T
790 1783 995 1840 heologici
1032 1784 1280 1842 cqnfhsfibus

137 1868 143 1875 '
191 1867 294 1926 esfiet
322 1866 629 1924 interfuturus.
679 1905 682 1910 .

137 1952 178 1994 d.
216 1966 270 1994 xx
312 1952 445 1994 Iunii.
506 1950 769 2006 Amplissimi
805 1961 1028 1994 curatores
1071 1952 1119 1994 in
1152 1949 1281 2008 sena-

196 2044 285 2077 tum
327 2013 663 2077 introduxerunt
707 2033 1006 2076 HERMANNUM
1043 2034 1283 2077 IOHANNEM

196 2116 436 2162 RoYAARos
469 2120 544 2175 qui
577 2116 745 2175 solenni
782 2118 990 2174 praestito
1032 2119 1284 2160 iureiuran-

199 2200 247 2244 do
265 2231 279 2253 ‚
321 2209 498 2257 accepta
525 2201 899 2257 congratulatione
925 2201 981 2245 ab
1010 2200 1168 2257 Ampli.
1201 2201 1283 2241 Cu-

1204 2294 1280 2325 ra-
