1513 2734
709 131 1003 205 (50)-

266 290 268 293 ’
307 277 518 336 Quaenam
559 288 694 319 autem
734 279 781 319 fit
821 277 944 319 Horti
983 277 1173 319 Botanici
1199 276 1388 318 conditio

247 365 426 405 cernitur
451 375 501 403 ex
529 360 736 417 Catalogo
764 359 1021 411 PIamarum,
1047 362 1253 414 superiore
1277 372 1386 401 anno

245 445 386 494 edito,
418 447 487 499 qui
517 446 636 486 etlam
666 446 1016 499 opportunitatem
1046 444 1186 491 dedit,
1227 455 1385 485 nostras

242 528 400 581 plantas
436 527 526 569 aliis
565 528 850 582 permutandi,
893 540 995 582 quae
1033 539 1116 568 non
1156 525 1288 568 solum
1331 538 1383 567 ex

239 622 402 651 nostrae
457 612 638 666 regionis
681 611 811 652 hortis
851 622 920 652 aut
966 610 1256 659 Academicis,
1315 619 1385 650 aut

237 695 486 747 priyatorum
503 722 517 743 ‚
549 693 615 735 sed
632 695 751 734 etiam
778 706 829 734 ex
852 694 982 735 hortis
1008 692 1209 735 Parifienfi
1226 722 1239 742 ‚
1270 690 1382 734 Hav-

235 776 343 816 nenfi
373 787 414 816 et
443 775 616 818 Bonenfi
648 778 862 826 venirent,
909 778 966 817 ita
1002 788 1047 818 ut
1088 777 1170 818 hoc
1217 775 1381 830 quidem
1441 783 1445 787 ’

236 869 342 899 anno
369 857 599 900 Plantarum
641 870 830 900 numerus
870 859 964 914 plus
1003 859 1212 907 ducenties
1240 869 1382 900 auctus

234 940 370 982 fuerit.
432 940 492 981 Ut
531 951 665 982 aute-m
710 939 895 982 nostrum
935 941 1128 982 Museum
1175 940 1380 995 Zoologi-

233 1035 355 1072 cum,
388 1023 505 1082 don-is
535 1035 584 1064 ex
612 1021 783 1063 Oriente
810 1022 972 1073 allatis,
1003 1035 1196 1077 perquam
1232 1022 1380 1076 ampli-

234 1105 397 1146 ficatum
415 1105 520 1155 fuit,
550 1107 605 1146 ita
621 1106 921 1159 exspectamuS,
952 1104 1141 1159 magnum
1165 1117 1377 1147 numerum

230 1189 425 1230 seminum
468 1187 695 1241 plantarum
732 1187 855 1239 nobis
902 1187 988 1229 esse
1024 1187 1239 1230 allaturum
1280 1189 1377 1229 hor-

229 1282 314 1312 tum
345 1269 525 1325 Regium
549 1270 775 1325 Javensem.

253 1380 256 1383 -
286 1353 480 1395 Enarravi
506 1352 751 1395 Academiae
781 1331 891 1404 fata,
935 1353 1180 1395 adminicula
1219 1353 1403 1395 doctri-'⁴

226 1449 397 1486 narum,
429 1436 548 1478 dona.
610 1435 906 1492 Quidbautem!
953 1436 1127 1477 Silentio
1167 1448 1372 1490 praetere-

227 1533 318 1570 am,
351 1519 463 1573 quod
490 1520 707 1560 maximum
744 1530 906 1560 nostrae
934 1518 1180 1560 Academiae
1211 1531 1274 1561 est
1301 1520 1370 1562 de-

227 1615 328 1653 cu8‚
373 1604 453 1644 fine
490 1616 574 1656 quo
616 1601 773 1656 reliqua
812 1603 921 1643 bona
955 1603 1069 1655 parvi
1109 1602 1241 1644 essent
1278 1616 1368 1644 mo-

223 1674 378 1727 menti!
422 1685 512 1726 Vos
552 1685 678 1735 dico,
718 1685 886 1739 juvenes
930 1686 1106 1739 optimi,
1149 1687 1220 1739 qui
1256 1688 1367 1728 omni

222 1769 364 1810 ardore
387 1768 438 1810 ad
467 1768 509 1808 id
537 1768 783 1809 contenditis
799 1798 813 1818 ‚
838 1768 951 1822 quod
974 1768 1190 1822 pulchrum
1207 1799 1221 1820 ,
1254 1769 1367 1823 quod

220 1860 390 1902 verum,
422 1851 535 1905 quod
561 1852 715 1892 bonum
742 1862 818 1892 est.
886 1850 975 1892 Vos
1006 1852 1129 1902 dico,
1176 1853 1246 1906 qui
1277 1863 1364 1893 ves-

210 1661 222 1689 ἶ

221 1946 281 1975 tra
321 1947 416 1989 erga
443 1947 519 1975 nos
549 1934 803 1975 observantia
831 1945 873 1975 et
909 1935 1221 1985 benevolentia,
1266 1947 1356 1993 ves-

222 2028 280 2058 tra
309 2018 529 2067 industria,
574 2017 854 2072 progresfibus
892 2018 933 2057 in
961 2017 1098 2058 studiis
1128 2029 1169 2058 et
1198 2029 1387 2059 morum‘

218 2100 457 2151 honestate,
498 2112 682 2141 nostrum
720 2112 798 2167 yos
838 2100 1012 2141 docendi
1056 2112 1096 2141 et
1128 2100 1359 2142 instituendi

217 2195 363 2225 munus
404 2185 526 2225 etiam
565 2184 646 2227 hoc
688 2196 796 2226 anno
843 2183 1076 2226 reddidistis
1118 2183 1359 2239 jucundissi-
1420 2203 1423 2206 >

1231 2279 1356 2309 mum.
