1513 2734
565 185 592 241 (
652 185 703 238 85
763 178 792 234 >

297 324 573 370 SECTJO
633 315 1105 367 POSTERIOR.

181 481 692 529 CHRISTIANORUM
727 472 1200 532 RELIGIONISQUE

237 590 638 638 CHRISTIANAE
671 583 1146 631 COMMENDATIO.

549 857 554 862 ·
645 843 749 897 §.L

317 1001 473 1058 Ingens
502 998 854 1042 Christianorum
879 1005 1081 1039 numerus

422 1073 677 1126 immotaque
709 1068 958 1124 constantia,

124 1181 414 1266 Tertulliani
453 1235 581 1264 aetate
624 1222 953 1264 Christianorum
980 1227 1171 1259 numerus
1198 1225 1265 1267 ve-

121 1294 333 1335 hementer
375 1296 626 1343 increverat,
660 1302 884 1344 eorumque
931 1298 1063 1343 partes
1100 1285 1268 1341 plurimi

125 1367 259 1406 omnis
295 1365 381 1406 loci
424 1377 465 1406 et
507 1365 659 1407 ordinis
697 1357 1099 1413 hominesquotidie
1127 1357 1269 1410 seque-

123 1435 283 1477 bantur.
345 1436 573 1477 Adversarii
600 1435 708 1476 enim
739 1461 768 1484 ‚‚
799 1429 1000 1472 obsessam
1016 1427 1061 1478 ‚⁹⁹
1106 1429 1268 1482 inquit,

123 1534 152 1558 ,‚
180 1505 459 1546 vociferantur
486 1505 722 1553 civitatem3
754 1502 795 1541 in
824 1501 960 1554 agris,
990 1500 1033 1539 in
1061 1497 1268 1548 castellis,

123 1602 152 1627 ,‚
183 1575 224 1614 in
250 1574 390 1616 insulis
418 1574 707 1623 Christianos3
752 1582 914 1612 omnem
957 1569 1121 1618 sexum,
1164 1580 1272 1609 aeta-

125 1673 153 1696 „
185 1657 293 1693 tem,
339 1645 619 1686 conditionem
662 1654 704 1683 et
738 1642 819 1696 jam
860 1640 1100 1694 dignitatem
1145 1648 1272 1677 trans-

125 1743 154 1767 „
184 1715 298 1769 gredi
342 1714 393 1755 ad
427 1715 507 1755 hoc
553 1725 702 1755 nomen
743 1711 851 1765 quafi
891 1709 1133 1750 detrimento
1161 1719 1275 1748 moe-

127 1813 155 1837 „
185 1783 303 1824 rent''
335 1782 359 1838 ζ
369 1781 430 1836 1).
506 1781 623 1824 Hanc
655 1793 796 1823 autem,
818 1781 946 1835 magis
975 1779 1186 1833 magisque
1211 1779 1276 1818 in·

127 1865 379 1896 crescentem
440 1853 783 1894 Christianorum.
823 1848 1123 1891 multitudinem
1179 1861 1275 1890 cum

127 1912 379 1966 documentb
403 1922 488 1963 esse
519 1923 654 1972 dicat,
686 1921 932 1963 adversarios
960 1920 1099 1972 inique
1127 1930 1246 1973 agere
1263 1948 1276 1968 ,

129 1997 284 2050 quippe
325 1995 396 2049 qui
423 1993 624 2048 ejusmodi
655 1991 864 2041 caussam,
909 2001 1012 2044 quae
1050 2000 1113 2030 tot
1143 1988 1278 2029 homi-

1203 2068 1274 2097 nes

177 2163 241 2210 (1)
264 2166 388 2211 Apolog.
408 2153 454 2199 .c.*
480 2175 509 2199 1.
534 2165 634 2200 Conf.
657 2165 705 2199 ad
728 2164 907 2204 Nationes,
943 2160 984 2195 L.
1013 2160 1041 2193 Ι.
1070 2166 1102 2193 c.
1127 2167 1159 2194 1.
1183 2156 1276 2192 Pliss·

133 2225 243 2258 nius
259 2248 270 2265 ,
294 2223 335 2258 L.
363 2222 405 2257 X.
435 2221 529 2264 epist.
550 2232 608 2266 97.

407 2344 417 2375 λ
