1513 2734
696 172 922 234 (82)

246 332 384 364 omnes
411 323 515 361 vires
541 327 704 373 agentes
725 316 912 357 reductae
936 315 988 356 ad
1011 320 1090 356 tres
1111 317 1214 357 vires
1230 347 1243 366 ,
1275 328 1375 370 qua-

232 397 330 433 ‘rum
355 391 596 432 directiones
625 388 696 429 fibi
725 388 902 441 invicem
944 387 1030 426 sunt
1068 385 1375 439 perpendicula-.

243 474 329 511 res;
362 472 463 514 quae
492 466 655 508 autem,
684 469 816 511 neque
843 458 883 497 in
912 456 1017 498 idem
1047 468 1242 509 punctum
1277 467 1377 496 con-

242 533 438 579 veniunt,
469 539 600 583 neque
626 527 665 569 se
695 528 870 568 invicem
893 526 1027 568 secant
1045 556 1058 576 ,
1090 528 1279 580 quoniam
1309 526 1377 566 da-

245 612 307 642 tae
333 602 438 642 vires
460 600 510 640 ad
538 597 692 640 diversa
720 609 871 652 puncta
899 596 986 637 sunt
1015 595 1254 648 applicatae.
1300 594 1379 635 Fa-

243 671 324 713 cile
367 672 490 725 igitur
531 669 870 722 compositionem
916 677 956 706 et
995 664 1278 718 aequilibrium
1309 664 1378 705 ha-

243 754 333 783 rum
362 741 506 780 virium
537 737 833 792 dijudicamus,
866 738 891 778 fi
922 736 1237 789 investigamus,
1269 736 1378 787 quis-

245 823 337 851 nam
379 811 424 851 fit
468 808 667 857 effectus,
712 819 762 847 ex
802 820 938 847 earum
990 806 1210 859 conjuncta
1249 805 1379 846 actio-

245 893 297 921 ne
348 891 484 920 ortus:
535 890 580 919 ut
624 890 757 918 autem
803 877 939 917 omnia
990 876 1093 915 bene
1138 875 1378 923 statuamus,

243 957 349 1004 opus
375 960 436 988 est
459 950 633 1001 primum
664 957 916 1000 cognoscere
934 975 947 994 ‚
979 945 1191 997 quomodo
1224 945 1380 984 inveni-

241 1017 698 1072 antur-magnitudines,
742 1025 782 1054 et
806 1016 936 1068 justae
968 1013 1238 1066 directionum
1274 1012 1380 1065 pofi-

241 1091 372 1129 tiones
401 1088 546 1127 virium
574 1086 888 1138 compofitarum
919 1081 1003 1124 ΑΡ
1021 1113 1034 1132 ,
1066 1081 1207 1131 ΑῬ’,
1238 1077 1379 1123 A“P‘⁴

240 1167 347 1200 caet.
407 1155 544 1209 Atque
573 1157 749 1209 primum
775 1155 898 1208 igitur
928 1152 1249 1194 confideremus:

242 1293 580 1349 Compositionem
624 1302 666 1334 et
700 1292 1006 1349 aequilibrium
1044 1292 1231 1341 virium,
1279 1304 1382 1347 qua·

302 1377 400 1407 rum
442 1364 722 1414 directiones,
766 1364 811 1405 in
845 1359 987 1417 spatio
1018 1361 1206 1418 positae,
1243 1371 1326 1419 pa-

643 1434 829 1477 rallelae
849 1430 967 1486 sunt.

304 1575 378 1616 IV.
421 1575 511 1616 Sint
558 1574 672 1623 ΑΡ,
715 1570 865 1619 A'P',
912 1566 1107 1621 A''P''‚
1173 1568 1385 1614 A'''P''‘

246 1658 348 1688 caet.
376 1645 496 1699 (Fig.
531 1641 656 1695 26),
688 1643 934 1683 directiones
964 1641 1209 1694 quarundam
1240 1644 1386 1683 virium

247 1714 556 1770 parandarum,
603 1723 643 1753 et
679 1712 751 1752 fint
795 1711 861 1762 A,
905 1711 985 1760 A',
1017 1711 1109 1760 A“‚
1141 1706 1218 1750 A“‘
1252 1722 1385 1760 caet.,

249 1797 423 1840 puncta,
455 1784 503 1824 ad
533 1795 635 1836 quae
663 1782 755 1822 illae
783 1782 887 1820 vires
915 1791 1062 1834 agunt:
1095 1780 1263 1821 ducatur
1278 1780 1385 1820 linea

248 1855 379 1903 AA‘‚
425 1865 551 1906 eaque
581 1853 621 1891 in
658 1862 814 1905 puncto
851 1850 883 1890 B
916 1848 1115 1889 dividatur
1153 1850 1193 1889 in
1229 1849 1386 1889 ratione

247 1924 401 1965 inversa
430 1922 696 1963 intenfitatum
723 1921 866 1960 virium
897 1915 983 1959 AP
1009 1923 1060 1952 =
1089 1917 1147 1967 P,
1194 1931 1234 1959 et
1259 1914 1388 1959 A'P'

247 1999 299 2030 .··.:
327 1991 407 2034 P':
439 1992 551 2045 quod
580 1990 606 2030 fi
628 1991 668 2029 in
697 2001 852 2042 puncto
883 1987 915 2028 B
941 1987 1172 2040 applicetur
1196 1989 1284 2038 vis,
1315 2001 1386 2029 cu-

244 2065 309 2118 jus
347 2063 520 2103 directio
554 2059 746 2114 parallela
794 2069 854 2099 est
902 2057 1198 2098 directionibus
1240 2059 1386 2098 virium

249 2133 307 2181 P,
338 2130 421 2181 P‘,
462 2142 582 2184 atque
633 2142 768 2171 earum
829 2128 1002 2169 summae
1059 2127 1265 2180 aequalis,
1310 2128 1388 2167 erit

249 2203 283 2245 B
301 2202 338 2244 C
367 2206 419 2238 Ξ
448 2199 478 2242 Ρ
508 2199 553 2237 -Ι-
582 2197 633 2240 Ρ’
651 2229 665 2251 ,
697 2200 758 2240 vis
788 2198 1016 2252 composita
1047 2197 1192 2240 virium
1216 2196 1247 2238 P
1272 2207 1312 2235 et
1334 2191 1388 2235 P'

1247 2264 1385 2319 (Secu
