1513 2734
564 134 796 193 (9)

123 273 262 318 debita
284 276 483 329 quantitas
507 274 712 316 defuisset.
773 273 921 315 Ubivis
946 273 1052 313 enim
1077 270 1252 325 quaesivi

126 359 250 400 opera
292 346 577 396 Wedelii,
622 335 940 392 Heinrich,
1001 342 1255 384 Clemen-

125 429 293 465 ceaU,
327 416 624 466 Goiffier‚
657 414 1066 461 Leidenfrost‚
1097 411 1256 463 Berg-

126 497 164 526 m
177 499 198 525 a
213 498 239 526 n
253 498 279 525 n
296 516 309 534 .,
361 486 399 527 K
416 489 426 526 i
443 500 460 526 r
477 500 516 527 w
531 500 552 527 a
565 500 590 527 n
605 499 630 527 n
648 517 660 536 ‚
711 485 966 536 aliorumque
1013 480 1256 527 multorum,

127 557 330 611 agentium
357 556 405 596 de
426 556 545 597 rebus
560 587 572 605 ‚
618 557 668 596 ad
703 567 885 595 nostrum
919 554 1088 607 scopum
1117 551 1259 602 utique

129 627 424 679 pertinentibus
438 657 451 675 ‚
482 626 549 666 sed
570 626 716 667 frustra
732 654 745 671 ‚
791 623 902 675 quod
923 634 1107 676 magnam
1141 620 1262 661 nobis

128 695 264 736 attulit
303 696 576 737 difficultatem
600 707 641 736 et
672 693 920 747 procedendi
950 693 1136 733 timorem
1148 721 1160 740 ‚
1204 689 1263 729 le-

129 767 239 820 geqti
268 765 388 807 facile
411 777 629 817 patentem.

188 834 235 874 In
276 833 525 874 antecessum
576 835 754 875 breviter
802 830 1008 873 videamus
1049 830 1098 871 de
1139 840 1267 884 aquae

131 916 253 957 purae
283 905 593 958 compofitione.
612 932 616 936 f

193 1122 386 1176 Antiquis
411 1124 494 1178 jam
525 1124 802 1178 temporibus,
834 1122 995 1164 Arist
1012 1134 1037 1161 o
1054 1131 1069 1160 t
1085 1118 1173 1159 ele
1198 1117 1270 1158 du-

137 1207 215 1242 ce,
247 1206 348 1246 aqua
378 1195 418 1233 in
447 1206 621 1246 quatuor
652 1205 872 1247 corporum
898 1190 1141 1244 fimplicium
1163 1187 1272 1241 (ele-

138 1260 394 1313 mentorum)
424 1275 632 1303 numerum
664 1263 741 1302 fuit
772 1261 910 1301 relata.
962 1259 1175 1299 Elementa
1205 1270 1274 1297 au-

140 1344 221 1373 tem
237 1331 439 1372 vocabant
464 1342 620 1371 veteres
640 1331 731 1380 illa,
763 1344 813 1371 ex
840 1329 989 1383 quibus
1014 1327 1169 1381 reliqua
1186 1338 1273 1367 om·

138 1403 207 1443 nia
244 1414 419 1454 corpora
461 1413 653 1442 concreta
681 1401 840 1450 essent,
885 1401 1067 1453 quamvis
1106 1399 1177 1452 ipfi
1202 1396 1275 1437 sta-

141 1479 300 1518 tuerent
341 1484 466 1512 unum
517 1472 762 1513 elementum
801 1473 842 1512 in
883 1470 1056 1512 alterum
1091 1468 1278 1511 converti

142 1541 261 1595 posse
291 1539 387 1595 (ι).

201 1612 436 1652 Mirandum
484 1614 624 1666 utique
682 1613 871 1663 videtur,
914 1623 989 1665 per
1032 1621 1094 1651 tot
1123 1607 1280 1651 saecula

144 1681 359 1722 Chemiam
397 1681 713 1724 somnolentiae·
739 1682 865 1726 'fuisse
908 1683 1124 1732 traditam;
1178 1692 1279 1735 vaga

145 1745 252 1792 enim
290 1762 439 1793 tantum
468 1740 624 1795 ratione
651 1755 847 1795 nonnulla
873 1753 1208 1808 proponebantur
1240 1761 1281 1790 et

146 1824 511 1878 excogitabantur,
559 1826 644 1865 imo
684 1826 724 1865 in
761 1827 984 1878 perniciem
1030 1823 1204 1864 sanitatis
1239 1832 1281 1861 et

146 1895 252 1934 vitae
303 1894 398 1934 artis
443 1895 759 1947 applicationem
795 1895 995 1936 interdum
1038 1892 1282 1942 tetendisse,

148 1963 251 2017 lapis
279 1963 618 2018 philosophorum
645 1966 802 2020 aliaque
826 1965 1012 2006 doceant.

1165 2032 1284 2085 Aqua

195 2122 258 2170 (1)
296 2127 395 2161 Conf.
428 2108 646 2168 Cicero,
683 2130 721 2162 de
758 2129 896 2165 Natura
937 2128 1100 2170 Deorum,
1137 2127 1213 2163 Lib.
1240 2128 1286 2162 11.

151 2184 233 2227 Cap.
257 2193 309 2226 33.
336 2195 369 2219 et
396 2186 471 2220 Lib.
501 2187 562 2221 111.
591 2187 673 2230 Cap.
705 2197 757 2221 12.
