1513 2734
688 134 734 219 <·
772 180 828 219 μ
888 165 927 221 >v

237 311 259 338 ί
281 302 460 346 Miscela
501 313 643 345 exacte
688 304 910 354 ponderata
950 306 1159 358 separatur·
1195 306 1234 345 in
1271 304 1368 347 duas

222 386 356 426 partes
385 371 600 424 aequales,
634 386 802 425 quarum
832 387 909 415 una
939 387 1041 428 aqua
1072 375 1269 424 solvitur,
1301 377 1368 417 cui

220 443 416 484 solutioni
445 441 605 490 additur
633 443 755 484 nitras
785 446 970 498 argenti,
1004 444 1134 484 donec
1166 446 1368 499 praecipi·

221 524 346 553 tatum
390 525 474 553 non
514 512 690 565 amplius
735 515 916 562 oriatur:‚
977 515 1265 567 praecipitatur
1310 514 1367 557 fic

219 582 502 626 chloruretum
542 584 726 636 argenti,
773 584 886 635 quod
914 584 1137 637 separatum
1163 596 1204 625 et
1243 585 1366 627 ficca-

218 665 304 694 tum
335 652 610 705 ponderatum
645 653 816 694 habetur
842 665 939 694 tunc
966 655 1124 694 ratione
1153 665 1269 694 antea
1307 656 1369 696 in-

219 723 379 771 dicata,
425 724 625 774 quantitas
669 722 1000 774 hydrocbloratis
1040 722 1173 763 sodae.
1234 722 1368 764 Alteri

216 794 322 845 parti
351 794 471 834 etiam
501 806 605 846 aqua
633 792 800 833 addatur
828 804 868 832 et
883 792 1099 833 instilletur
1116 791 1368 845 hydrochlo-

217 864 313 904 ratis
344 874 411 902 aut
435 863 592 902 nitratis
622 862 789 914 barytae
822 861 1008 918 solutio,
1056 874 1136 915 qua
1166 863 1369 916 praecipi·

218 943 325 973 tatur
364 931 526 984 sulphas
566 932 731 983 barytae
775 930 853 984 (ex
894 931 1247 984 decompofitione
1288 931 1368 973 sul-

217 1002 386 1054 phatum
418 1000 538 1040 sodae
567 1011 607 1040 et
634 998 914 1053 magnesiae),
953 1004 1024 1055 qui
1059 1001 1170 1042 filtro
1208 1002 1365 1054 separa-

217 1083 294 1112 tur.
354 1071 541 1124 Liquor‚
586 1084 673 1123 quo
717 1072 979 1112 continentur
1024 1071 1365 1123 hydrochlorates

214 1153 282 1183 aut
311 1143 477 1182 nitrates
507 1139 625 1180 sodae
655 1151 696 1179 et
726 1142 947 1195 magnesiae
989 1135 1070 1195 (ex
1101 1141 1363 1195 decomposi-

216 1212 330 1251 tione
373 1211 530 1251 nitratis
569 1221 638 1250 aut
671 1209 1002 1261 hydroehloratis
1031 1212 1195 1264 barytae
1230 1211 1358 1252 additi

214 1293 256 1320 et
296 1280 627 1332 hydrochloratis
665 1280 786 1320 sodae
830 1292 953 1334 atque
982 1280 1212 1334 sulphatum
1244 1281 1364 1322 sodae

214 1362 256 1394 et
299 1351 520 1403 magnefiae
548 1344 898 1402 contentorum),
941 1363 1185 1404 evaporatur
1226 1364 1267 1392 et
1296 1364 1364 1392 ca·

214 1420 294 1461 lori
323 1421 619 1462 vehementiori
649 1422 898 1473 exponitur,
932 1434 1016 1473 quo
1051 1421 1364 1474 decomponun·

214 1503 279 1531 tur
293 1504 333 1530 et
346 1490 572 1532 formantur
589 1490 868 1531 chloruretum
895 1490 1000 1533 sodii
1023 1503 1064 1532 et
1087 1492 1285 1548 magnesia
1309 1489 1363 1543 (fi

214 1561 513 1612 hydroehloras
545 1562 710 1612 barytae
738 1559 949 1600 adhibitus
977 1559 1154 1610 fuerit),
1187 1572 1363 1613 quorum

213 1625 313 1673 haec
341 1632 532 1677 minime,
565 1630 668 1671 illud
696 1641 795 1670 vero
811 1628 933 1670 facile
949 1642 1051 1681 aqua
1068 1629 1261 1678 solvitur3
1290 1630 1363 1670 hu-

210 1702 275 1756 jus
306 1702 431 1756 igitur
459 1712 539 1753 ope
569 1700 804 1752 separentur
829 1711 853 1738 a
883 1697 922 1743 se
951 1699 1126 1740 invicem
1144 1729 1158 1748 ,
1204 1699 1362 1752 ponde-

209 1784 347 1815 rentur
391 1783 432 1811 et
474 1771 643 1811 addatur
684 1768 907 1823 magnefiae
947 1779 1101 1808 tanturn
1145 1768 1253 1809 acidi
1283 1768 1362 1810 sul·

206 1844 400 1897 phurici,
432 1841 564 1881 donee
591 1840 821 1894 sulphatem
847 1837 1129 1888 constituerit,
1160 1838 1360 1893 undeigi-

209 1927 274 1957 tur
301 1913 472 1956 habetur
496 1912 615 1966 hujus
643 1911 834 1965 pondusz,
867 1907 976 1952 idem
1003 1909 1110 1949 valet
1151 1910 1199 1951 de
1243 1908 1362 1950 chlo-

208 1996 348 2025 rureto
379 1982 479 2024 sodii
509 1979 605 2035 (1).
667 1980 824 2022 Eadem
856 1977 940 2018 fere
980 1980 1167 2034 operatio
1206 1977 1361 2024 institu-
1389 2020 1392 2024 Δ

800 2061 804 2065 ·
1289 2061 1361 2090 en-

255 2144 318 2191 (ι)
358 2144 548 2180 Secundum
577 2144 631 2178 CI.
655 2142 721 2177 Th
742 2143 759 2175 ἑ
775 2152 828 2175 na
843 2152 859 2175 r
874 2141 894 2175 d
912 2167 922 2182 ‚
942 2142 974 2176 ·1.
997 2143 1021 2175 l.
1041 2139 1165 2197 gT0m.
1190 2144 1247 2177 IV.
1286 2151 1360 2186 pag.

217 2202 301 2249 180)
318 2229 328 2246 ,
355 2214 417 2239 100
443 2202 556 2247 partes
572 2201 772 2240 *efflorui-eti
799 2200 1045 2244 repraesentant
1073 2202 1176 2244 53,48
1201 2199 1313 2237 sodae.
1339 2214 1343 2218 ·
