1513 2734
681 131 874 188 (8)

217 272 460 328 θείὶἕὶοιαεηα
489 270 814 312 omnibus'omni
843 266 1023 321 tempore
1053 266 1233 316 Batavis,
1265 267 1334 320 qui

215 355 376 409 quidem
406 355 454 395 ab
480 355 583 395 avita
610 364 690 393 non
718 349 1023 405 degenerassent
1062 352 1209 390 virtute
1226 378 1240 399 ,
1285 361 1337 390 eo

215 436 334 479 fuisse
374 439 414 477 in
458 436 778 486 honoresatque
807 431 1129 481 existimatione,
1177 420 1338 485 optimo

209 519 298 573 jure
346 530 390 559 ut
430 517 741 573 religiosisfimos
785 516 859 554 eos
899 514 1046 555 dixeris
1091 513 1336 554 mortalium

211 599 342 653 Cujus
369 600 539 653 quidem.
558 600 722 654 hujusce
750 596 895 650 populi
925 595 1055 637 sensus
1080 607 1123 635 et
1163 587 1337 650 judicii3

209 683 360 734 patriae
399 683 510 721 testis
546 692 607 720 est
645 681 812 720 historia
853 681 1015 728 omnis:,
1063 687 1184 718 testes
1216 677 1338 728 sunt,

208 776 491 817 quaecunque
528 763 818 817 rempublicam
862 772 1177 810 converterunt,
1224 773 1338 801 com-

209 847 450 886 mutationes
480 845 659 896 civiles·‚·
689 858 772 886 non
804 858 894 885 cum
921 843 1103 897 politicis
1139 843 1338 898 conjunc·

209 930 332 969 tiores
359 929 611 979 rationibus,
629 940 761 981 -quam
791 940 883 968 cum
910 910 1172 981 theologicis.
1247 923 1336 966 Nifi

207 1011 297 1063 quis
335 1021 564 1063 putat‚‘,ut
607 1013 728 1051 unum
772 1010 854 1051 hoc
884 1022 935 1051 ex
965 1008 1103 1050 multis
1132 1007 1337 1061 proferam

205 1091 478 1145 exemplum‚.
510 1103 701 1146 gentem,
751 1092 960 1147 religionis
1000 1104 1082 1132 non
1123 1091 1340 1132 amantisfi·

204 1186 337 1223 mam,
382 1174 471 1215 solo
513 1173 704 1215 Numinis
748 1173 876 1215 libere
917 1175 1081 1216 colendi
1119 1174 1248 1214 studio
1275 1173 1337 1212 in-

203 1255 442 1297 flammatarn
475 1267 514 1296 et
543 1256 764 1306 defiderio,
795 1256 1017 1311 Philippi,
1054 1258 1161 1311 regis
1188 1254 1337 1309 Hispa-

204 1339 356 1379 niarum
384 1341 672 1392 potentissimi,
707 1339 784 1380 tela
815 1339 936 1380 fuisse
965 1351 1006 1380 et
1034 1339 1338 1392 furorempro·

204 1424 464 1462 vocaturam!
498 1422 642 1476 Quid?
689 1424 841 1463 amoris
873 1422 981 1464 illius
1009 1421 1334 1462 benevolentiae-

204 1515 282 1555 que
321 1504 437 1556 plane
478 1505 713 1559 lingui-aris,
758 1506 864 1558 quai,
909 1504 1019 1546 nullst
1061 1517 1142 1544 non
1176 1515 1333 1555 aetate,

203 1584 530 1641 Aranfionenses
590 1600 650 1628 est
697 1589 902 1641 principes
958 1589 1069 1628 natio
1120 1586 1335 1640 complexa

208 1667 444 1721 Belgarum,
475 1682 607 1710 nonne
626 1671 726 1711 hanc
750 1673 1006 1725 praecipuam
1031 1669 1149 1712 fuisse
1177 1669 1333 1710 causam

202 1750 404 1802 dicemus,
434 1754 544 1805 quod
560 1753 758 1794 sacrorum
776 1755 934 1806 patroni
951 1766 997 1794 ac
1009 1753 1194 1794 *fautores
1212 1752 1332 1792 iidem

201 1834 406 1885 principes
423 1846 462 1874 et
487 1835 613 1875 essent
636 1848 676 1875 et
705 1835 974 1877 haberentur?
1004 1835 1071 1877 Ne
1086 1847 1330 1883 memorem,

202 1914 539 1968 philosophorum
578 1931 840 1972 quaecunque
879 1919 1071 1971 deinceps
1112 1917 1332 1959 exstiterint

201 1996 330 2037 sectae
371 1998 716 2053 disciplinaeque,
764 2002 818 2042 ita
860 2014 925 2042 eas
964 2001 1122 2042 Batavis
1163 1999 1227 2040 vel
1262 2012 1329 2041 ac-

202 2090 338 2131 ceptas
367 2080 486 2121 fuisse
504 2111 516 2131 ‚
547 2081 610 2122 vel
633 2082 858 2132 sorduisse,
902 2094 946 2124 ut
974 2083 1171 2137 cujusque
1200 2081 1328 2135 placi·

198 2171 236 2201 ta
277 2160 464 2218 religioni
509 2163 574 2204 vel
611 2163 799 2218 prodesse
840 2176 1104 2220 putarentur,
1148 2164 1213 2207 vel
1241 2163 1325 2205 offi-

1251 2258 1318 2287 ce-
