1513 2734
633 131 857 196 (13)

177 276 507 333 proportionales
554 276 787 320 sumuntur:
847 287 984 332 atque*
1014 277 1110 320 hinc
1161 279 1302 322 conci-

176 351 316 403 pitur,
359 348 570 402 quomodo
610 349 792 400 Analyfis
827 360 869 389 et
905 348 1168 399 Geometria,
1205 350 1300 391 huic

177 418 445 461 Mechanices
472 420 577 472 parti
615 419 762 460 auxilia
792 417 935 459 ferant.

214 489 286 530 vV.
318 489 507 542 Corpus,
539 489 577 528 vi
606 489 776 540 quadam
804 490 1026 543 agitatum,
1057 499 1206 531 certam
1240 491 1301 532 vi·

175 572 239 601 am
283 560 489 613 sequitur,
532 569 601 599 aut
631 557 740 611 sequi
783 571 981 609 conatur,
1027 571 1068 599 et
1098 559 1197 600 haec
1239 563 1305 602 via

175 629 325 670 dicitur
347 628 525 668 directio
551 626 710 683 in'qua
745 629 808 669 vis
845 630 953 684 agit.
985 644 1029 656 ·-
1058 629 1127 670 Sic
1152 631 1182 672 fi
1212 644 1304 672 cor—

175 712 252 753 pus
276 700 314 738 vi
344 709 552 738 moveatur
591 699 632 737 in
672 709 782 738 recta
822 697 928 738 linea
953 699 993 739 A
1020 697 1051 740 P
1086 698 1204 754 (Fig.
1241 699 1306 750 1.)

174 769 214 809 A
242 767 273 809 Ρ
303 768 452 808 dicitur
480 767 656 807 directio
687 765 795 807 illius
835 768 909 807 vis.
953 784 999 792 -
1042 767 1304 821 Perspicuum

173 849 306 879 autem
351 847 442 885 est,
488 834 598 876 illam
627 835 719 876 <vim
759 837 931 877 eundem
969 836 1160 879 effectum
1190 851 1305 892 prae·

171 907 272 948 stare
300 908 377 949 five
407 917 497 960 agat
527 907 567 945 in
592 917 751 959 puncto
772 905 837 956 A,
870 908 947 948 five
978 909 1018 947 in
1045 907 1079 949 B
1096 938 1109 957 ,
1157 909 1234 950 five
1261 911 1304 949 in

171 978 255 1018 alio
282 987 530 1030 quocunque
564 974 1024 1030 directionis<punct03
1067 991 1156 1020 nam
1196 992 1304 1033 equo-

172 1048 279 1087 niam
337 1045 520 1098 sponitur
569 1045 609 1084 vi
675 1046 746 1087 illa
796 1048 837 1087 in
904 1049 1092 1089 omnibus
1157 1049 1304 1090 talibus

170 1117 334 1172 punctis
362 1116 500 1155 eadem
529 1117 753 1157 intenfitate
782 1129 931 1170 agens,
963 1120 1066 1159 ratio
1095 1120 1205 1160 nulla
1233 1119 1303 1160 ad-

159 1193 260 1235 est,
303 1196 376 1226 cur
414 1183 605 1233 effectus,
653 1197 772 1239 quem
814 1187 982 1238 praebet
1004 1189 1045 1228 in
1075 1201 1232 1241 puncto
1259 1189 1300 1230 A

169 1256 347 1299 diversus
389 1256 434 1297 fit
474 1255 524 1295 ab
566 1242 714 1296 e'ffectu
765 1256 806 1296 in
861 1268 1017 1308 puncto
1065 1257 1127 1299 B:
1169 1272 1299 1314 ergotr,

169 1326 338 1382 effectus
367 1324 588 1380 cujusdam
628 1325 692 1365 vis
723 1339 802 1366 non
840 1326 1083 1376 immatur,
1127 1329 1173 1370 in
1203 1342 1300 1384 quo-

168 1409 329 1451 cunque
358 1395 604 1437 directionis
615 1402 781 1448 ‘puncto
808 1407 939 1450 agere
964 1395 1170 1451 censetur.

224 1466 310 1508 VL·
330 1467 439 1521 Agat
479 1467 541 1506 vis
583 1464 776 1518 quaedam
805 1467 845 1506 in
874 1480 1069 1520 punctum
1099 1468 1167 1510 seu
1206 1483 1299 1512 cor-

166 1551 243 1592 pus
284 1536 451 1590 aliquod
491 1533 524 1575 B
569 1533 688 1590 (Fig.
733 1533 801 1587 2.)
845 1538 885 1577 in
919 1538 1147 1580 directione
1172 1540 1210 1581 A
1234 1541 1298 1582 B:

166 1608 305 1655 itidem
336 1609 375 1648 in
404 1606 629 1647 directione
660 1607 846 1658 oppofira
873 1607 974 1649 BC
1002 1608 1079 1649 alia
1117 1613 1298 1665 agat‘vis

166 1681 208 1719 in
234 1678 339 1719 idem
366 1687 561 1730 punctum
579 1674 638 1722 B,
670 1677 931 1731 ejusdemque
961 1680 1007 1720 fit
1032 1681 1294 1722 intenfitatis:

165 1737 358 1801 quoniam
399 1748 524 1800 igitur
561 1757 755 1796 puncmm
795 1747 859 1797 B,
891 1749 1028 1790 eadem
1054 1752 1095 1791 vi
1129 1751 1300 1804 pellitur

165 1817 299 1859 versus
326 1816 364 1857 A
390 1829 437 1856 ac
465 1813 598 1855 versus
621 1813 656 1854 C
675 1848 688 1866 ,
722 1819 934 1859 immotum
957 1831 1116 1870 manet,
1147 1833 1189 1862 et
1211 1823 1294 1863 hoc

165 1885 258 1927 casu
298 1898 493 1939 punctum
533 1885 565 1925 B
606 1886 646 1924 in
691 1888 1166 1945 aequilibriopverfari
1193 1891 1296 1933 dici-

166 1967 254 1996 tur:
287 1956 591 2011 aequilibrium
617 1969 715 2011 ergo
741 1957 855 1998 nihil
882 1959 1008 2000 aliud
1033 1971 1122 2011 est,
1166 1975 1295 2017 quam

165 2026 351 2078 corporis
394 2025 571 2067 conditio
610 2026 656 2067 in
685 2039 771 2080 qua
810 2026 1039 2083 versatur,
1062 2029 1104 2085 si
1129 2045 1159 2074 a
1187 2033 1294 2073 viri-

166 2095 239 2135 bus
268 2095 494 2148 agitatur‚
524 2109 632 2151 quae
659 2106 795 2151 agunt
823 2097 868 2138 in
900 2101 1129 2142 contraria
1157 2101 1294 2144 direc-

164 2164 275 2206 tione
305 2173 345 2205 et
372 2164 552 2218 ejusdem
577 2163 683 2220 funt
709 2165 980 2222 intensitatis.
1008 2187 1044 2198 ·-
1070 2170 1201 2215 Duae
1229 2172 1294 2214 νὶ-

1221 2254 1289 2282 res
