1513 2734
195 312 276 353 Sed
319 312 425 354 unde
464 314 624 355 tandem
665 314 806 355 ardens
847 313 975 365 illud,
1018 314 1131 369 quod
1176 316 1280 357 vidi-

137 395 254 430 mus,
300 383 615 426 adversariorum
652 385 822 426 studiffln
868 386 1123 427 Christianos
1167 389 1282 428 omni

84 455 88 460 '
136 452 262 492 modo
302 452 538 505 pelliciendi
584 454 633 494 ad
669 467 818 495 nomen
863 443 1139 497 Christia'num
1165 457 1281 511 abju-

134 521 302 562 randum
315 509 344 563 ‘2‘
367 522 538 564 Scilicet
564 526 731 565 nomine
765 526 838 566 illo
867 529 1153 569 continebatur
1197 528 1282 581 ipsa

135 591 321 633 societas.
383 591 632 646 Quicunque
663 597 787 650 igitur
824 596 980 638 Christi
1018 611 1168 639 nomen
1210 599 1282 639 ab·

131 662 318 717 jurabat,
359 676 410 703 eo
438 663 528 716 ipso
555 664 605 704 ad
633 664 866 707 societatem
895 668 1166 709 Christianam
1195 681 1281 709 non

132 731 307 785 amplius
348 735 552 785 pertinere
594 736 846 778 censebatur.
907 737 1115 780 Hactenus
1158 741 1282 794 igitur

133 802 240 844 haud
279 802 516 844 assentimur
555 803 841 857 Tertulliano,
887 821 938 850 ex
983 810 1194 864 disputatis
1239 811 1282 853 id

131 871 351 922 efficienti,
397 886 546 914 nomen
577 874 856 919 Christianum
887 881 927 919 in
966 881 1005 920 se
1047 881 1281 929 adversariis

131 942 254 983 fuisse
284 943 484 984 odiosum.
561 943 698 999 Quare
726 947 828 989 illud
854 951 1086 994 „rationibus
1120 964 1279 1004 etymo-

132 1011 284 1068 logicis
315 1014 398 1066 ipse
429 1014 688 1056 commendat
718 1015 814 1071 (Ι).
875 1019 1003 1076 Quod
1046 1034 1177 1064 tamen
1220 1022 1278 1063 se·
1342 1022 1346 1030 '

129 1084 247 1123 rione
273 1083 424 1130 faciat,
456 1097 505 1124 an
533 1085 661 1138 joco,
694 1088 892 1131 dubitem.

188 1152 282 1194 Nec
330 1167 429 1194 vero
475 1155 634 1208 judices
685 1169 837 1200 tantum
889 1161 1077 1216 finguiari
1119 1163 1185 1205 sua
1227 1165 1278 1205 de
1310 1148 1340 1179 η’

130 1222 375 1265 Christianis
411 1224 556 1278 judicii
600 1226 773 1269 habendi
802 1224 958 1270 ratione
990 1234 1111 1273 tacite
1141 1234 1277 1275 decla-

128 1296 299 1344 rabant,
332 1294 371 1335 se
405 1296 621 1336 criminose
652 1299 691 1337 in
719 1299 978 1341 Christianos
1016 1303 1136 1344 dietis
1171 1304 1279 1345 haud

130 1365 252 1407 fidem
281 1367 443 1407 habere.
506 1366 617 1408 Idem
653 1367 756 1410 illud
787 1371 912 1411 invita
952 1372 1109 1426 saepius
1152 1377 1279 1415 mani-

128 1435 303 1478 festabat
371 1437 455 1478 odii
523 1439 718 1480 caecitate
778 1440 945 1494 abrepta
1001 1442 1121 1496 plebs
1179 1442 1277 1497 (2).

1184 1513 1277 1557 Nec
1304 1496 1312 1502 ἡ

173 1643 238 1689 (ι)
261 1670 284 1687 ,,
307 1644 527 1680 Christianum
549 1646 650 1679 'vero
686 1656 808 1681 nomen
823 1647 857 1689 ‚”
890 1649 996 1692 inquit
1012 1674 1023 1690 ‚
1073 1676 1096 1694 „
1121 1659 1279 1695 quantum

128 1726 151 1744 ,‚
174 1699 366 1742 fignificatio
397 1709 473 1743 est,
506 1700 549 1734 de
579 1703 737 1737 unctione
766 1705 1027 1748 interpretatur:
1066 1709 1164 1740 etiam
1203 1718 1280 1742 cum

127 1784 151 1801 ‚‚
175 1767 336 1801 corrupte
379 1767 396 1790 a
437 1758 534 1790 vobis
577 1758 761 1794 Chrestiani
800 1764 1077 1805 pronuntiamur,
1116 1764 1208 1809 (nam
1236 1776 1280 1799 ne

126 1841 150 1859 „
174 1816 312 1848 nomInis
354 1814 489 1857 quidem
527 1815 623 1859 ipsius
652 1816 793 1858 Vliquido
831 1820 917 1852 certi
947 1818 1046 1864 estis)
1067 1822 1112 1856 sxc
1141 1833 1279 1865 quoque

127 1898 150 1915 ,‚
174 1870 216 1905 de
245 1871 402 1905 suavitate
428 1875 484 1906 vel
511 1873 659 1908 bonitate
689 1874 892 1909 modulatum
917 1877 1002 1910 est.''
1025 1880 1073 1912 ad
1096 1879 1279 1923 Nationes,

128 1929 172 1963 L.
196 1930 223 1963 Ι.
248 1938 280 1962 c.
305 1938 337 1971 3.

173 1984 238 2029 (2)
261 2011 284 2029 ,‚
308 1987 422 2020 Bonus
450 1987 502 2021 vir
518 1987 551 2028 ‚''
575 1989 619 2021 ita
649 1988 804 2023 dicebant
819 2014 830 2029 ,
866 2015 889 2032 ,‚
912 1991 1012 2033 Caius
1050 1993 1172 2036 SeJ‘us,
1211 2004 1279 2029 tan-

125 2068 150 2086 „
172 2051 242 2076 tum
275 2044 367 2086 quod
405 2042 460 2089 (h.
497 2053 528 2078 e.
551 2055 713 2088 ¹excepto
741 2045 854 2089 quod)
879 2048 1119 2085 Christianus.'’
1166 2052 1278 2088 Item:

125 2125 149 2143 ,‚
172 2101 274 2133 miror
300 2101 442 2134 Lucium
462 2090 594 2135 'Titium
610 2128 620 2142 ‚
658 2103 836 2146 sapientem
865 2104 996 2144 virum,
1037 2116 1179 2150 repente
1208 2111 1277 2143 fac-

127 2178 150 2198 „
175 2165 244 2189 tum
283 2156 538 2194 Christianum.''
571 2160 734 2205 Apologet.
778 2169 809 2193 c.
841 2170 872 2204 3.
897 2161 998 2196 Conf.
1021 2165 1069 2198 ad
1096 2164 1278 2209 Nationes,

125 2213 168 2248 L.
191 2214 218 2249 Ι.
241 2223 273 2248 c.
296 2224 329 2258 4.
