1513 2734
754 134 794 228 C*
837 189 892 227 24
951 172 975 228 )

361 309 618 350 Christianos
666 311 773 351 enim
830 314 1066 364 turpissimis
1116 314 1199 353 esse
1257 313 1438 353 moribus

303 379 545 432 perhibent,
578 391 682 430 quos
711 380 963 431 potissimum
994 383 1034 421 in
1062 381 1333 423 conventibus
1360 381 1438 423 suis

301 448 491 500 prodant.
570 446 758 501 Namque
800 451 1096 502 praetendunt,
1138 452 1259 501 illos,
1317 452 1438 493 certis

302 517 541 570 quibusdam
571 517 742 565 diebus,
774 519 942 561 fratrum
982 520 1244 574 sororumque
1273 523 1439 563 nomine

300 587 510 627 convivari
527 586 680 637 solere,
712 590 946 644 tironesque
973 601 1056 631 tum
1076 589 1194 634 sacris
1210 591 1287 631 suis
1305 592 1437 632 initia-

302 668 360 696 re.
400 655 466 696 ,Ita
493 669 565 698 eos
592 657 694 708 illud
722 659 925 700 instituere
943 660 1149 710 derum,
1179 672 1225 702 ut
1246 662 1439 702 infantem

303 737 445 765 recens
473 738 610 768 natum
639 727 840 782 ejusmodi
871 729 1028 770 homini
1061 730 1258 772 initiando
1302 731 1439 772 interi-

300 796 492 837 mendum
534 809 768 850 apponant,
812 798 916 839 farre
955 810 1221 848 contectum,
1266 812 1316 840 ne
1369 798 1440 840 ille

299 865 612 916 animadvertat3
659 867 698 907 se
750 869 1032 921 percussurum
1076 870 1159 911 esse
1203 870 1438 918 hominem,

303 945 538 987 terroreque
578 939 832 990 compressus
863 939 1018 981 facinus
1047 939 1275 990 averseturg
1318 939 1440 992 idque

303 1002 400 1042 ideo
428 1003 562 1044 facere
593 1004 880 1058 Christianos,
926 1022 971 1050 ut
996 1011 1186 1050 novicius
1215 1010 1320 1058 iste,
1364 1009 1440 1051 hac

305 1073 520 1115 homicidii
548 1076 799 1118 conscientia
833 1077 918 1132 ipse
945 1091 1161 1133 gravatus,
1193 1079 1295 1119 nihil
1323 1080 1441 1132 quid-

303 1156 425 1197 quam
457 1144 506 1185 de
532 1145 712 1198 ipsorum
741 1148 962 1189 sceleribus
994 1147 1224 1202 pervulget.
1284 1148 1439 1190 Omnes

303 1225 467 1263 autem,
509 1215 585 1256 hac
620 1217 743 1259 caede
773 1217 1018 1266 commissa,
1049 1219 1163 1271 pueri
1193 1220 1326 1259 necati
1357 1218 1441 1260 san-

302 1286 494 1339 guinem,
519 1286 689 1346 vasculo
704 1287 900 1338 admoto,
932 1290 1122 1343 excipere
1152 1301 1327 1342 eumque
1343 1288 1442 1330 lam·

301 1353 401 1395 bere
414 1367 456 1395 et
468 1368 638 1420 panem,
655 1355 707 1399 e'o
716 1358 966 1409 madentem,
999 1358 1215 1401 comedere
1231 1359 1442 1409 dicuntur;

304 1436 387 1476 qua
421 1414 584 1478 quidem
611 1429 890 1479 immanitate,
935 1428 1047 1473 velut
1075 1431 1308 1487 gravisfimo
1335 1429 1445 1483 jure-

301 1484 510 1550 jurando,
533 1495 584 1537 ad
611 1508 794 1538 mutuum
829 1497 910 1539 sese
947 1499 1196 1553 obstringant
1230 1499 1443 1540 filentium.

302 1560 415 1603 Tum
442 1563 574 1616 epulis
602 1564 698 1605 illos
725 1566 906 1607 inhiare·
896 1597 910 1616 .,
957 1567 1062 1609 cibis
1091 1581 1189 1608 vero
1217 1567 1377 1609 satiatos
1404 1579 1446 1608 et

306 1633 519 1673 ebrietate
559 1634 610 1675 ad
633 1653 637 1655 ⁴
663 1634 878 1681 libidinem
911 1638 1150 1688 excitatos,
1194 1637 1445 1688 luminibus,

1501 1577 1504 1604 i

1499 1649 1503 1694 l

304 1699 384 1756 ‘per
413 1715 557 1745 canum
600 1704 808 1755 officium,
869 1704 1122 1755 candelabris
1166 1709 1448 1757 annexorum‘,
1497 1697 1502 1752 ,¹⁷

309 1771 545 1821 exstinctis,
577 1771 835 1826 promiscuae
865 1773 1015 1815 Veneri
1045 1774 1084 1815 se
1113 1769 1236 1825 dare,
1269 1767 1446 1830 turpissi-

310 1850 504 1903 mumque
534 1845 733 1886 incestum
764 1845 1021 1905 committere
1048 1845 1320 1898 pronunciant
1349 1843 1445 1905 (1).

327 1911 482 1955 Haec
522 1901 743 1963 facinora,
788 1915 866 1955 five
907 1926 1048 1955 eorum
1091 1913 1270 1968 suspicio
1307 1915 1446 1957 adver'-
1506 1924 1508 1950 i

312 1982 423 2025 fariis
471 1982 635 2026 suborta
677 1983 830 2026 fuerit
848 1997 901 2027 ex
949 1984 1194 2040 Judaeorum
1246 1975 1447 2028 Christia'ss
1505 1990 1507 2016 ἱ

1369 2069 1445 2097 nos
1504 2087 1506 2099 s

361 2130 429 2192 (i)
449 2143 678 2183 Minucius
717 2148 870 2192 Felix,
907 2149 979 2185 1.1.
1000 2160 1035 2194 p.
1071 2149 1117 2194 96
1140 2149 1211 2193 sqq.
1240 2148 1446 2184 Tzschir-

312 2215 413 2247 ner,
437 2207 460 2240 1.
488 2206 510 2240 1.
538 2206 572 2240 S.
599 2207 677 2241 216.
