1513 2734
706 142 927 200 (10)

253 282 337 323 esse
362 281 554 331 confido,
597 282 720 334 quin,
766 281 819 320 ita
848 281 916 333 qui
946 279 992 319 fit
1018 279 1212 320 animatus
1240 291 1373 333 popu-

249 364 341 414 lus,
371 378 444 415 ut,
475 366 579 417 quafi
608 363 748 416 sponte
774 361 867 411 sust,
913 362 954 400 in
999 373 1062 405 res
1098 360 1250 402 feratur
1269 362 1374 403 divi-

250 460 318 487 nas
348 446 648 501 cognoscendas
675 458 721 485 ac
752 444 887 497 magni
927 444 1214 494 aestimandas,
1259 443 1370 485 illius

249 531 289 570 in
331 531 380 568 iis
421 527 700 583 investigandis
744 538 868 578 opera
913 527 1095 567 omnium
1127 528 1174 568 fit
1207 527 1381 582 diligen-

251 611 426 660 tissime,
461 622 509 650 et
534 609 822 664 religiofisfime
851 608 1078 658 versatum,
1125 619 1165 648 et
1193 608 1381 651 felicisfi-

250 705 328 733 me.
416 691 579 732 Etenim
618 691 746 731 nolite
785 703 954 744 putare,
997 692 1076 733 unzi
1115 691 1268 732 factum
1296 691 1383 732 esse

248 774 476 815 eruditione
493 804 505 823 ,
537 775 716 827 quamvis
743 776 886 829 magnai
914 786 954 815 et
978 774 1175 828 copioszi,
1217 775 1279 816 uti
1302 773 1378 828 Ju-

249 869 347 899 Nms
376 869 416 897 et
442 857 629 898 Wrrsms
646 887 659 905 ‚
690 867 810 909 atque
838 856 906 897 ille
923 886 938 906 ,
982 857 1097 911 cujus
1140 857 1297 911 semper
1318 858 1382 898 vi-

251 951 318 980 vet
349 941 537 980 memoria
554 970 566 989 ,
598 938 894 980 H1NLO1>ENms
912 969 927 989 ‚
956 951 1009 980 et·
1026 939 1215 993 aequales
1241 930 1391 980 deme-¹

250 1033 383 1061 terent
410 1033 450 1061 et
478 1033 677 1074 posteros.
737 1021 869 1063 Immo
897 1035 995 1063 vero
1026 1022 1203 1064 sanctum
1242 1035 1288 1064 ac
1314 1023 1379 1075 pi-

252 1115 319 1144 um
336 1133 349 1152 ‚
381 1117 462 1157 qno
487 1104 676 1144 Virorum
703 1115 848 1157 pectus
887 1105 1176 1146 immortalium
1206 1104 1382 1147 'incales-

252 1187 370 1226 cebat
386 1217 398 1235 ‚
429 1188 484 1226 rei
508 1168 984 1241 juvandae—Christianae
1010 1187 1245 1228 defiderium
1261 1194 1282 1237 ,”
1307 1195 1381 1229 eo-

254 1280 340 1308 rum
382 1280 422 1308 et
458 1269 579 1311 studia
608 1269 894 1319 inflammavit,
926 1282 967 1310 et
1001 1271 1162 1325 ingenia
1193 1272 1380 1322 exacuit,

255 1358 298 1390 et
325 1350 506 1405 fingulari
529 1364 683 1393 mentes
709 1353 898 1406 sapientiai
930 1352 1208 1394 collustravit!

311 1433 459 1487 Neque
488 1436 540 1474 ita
567 1447 696 1476 tamen
726 1436 825 1476 haec
855 1436 962 1477 dicta
991 1435 1075 1476 esse
1112 1436 1380 1484 existimetis,

256 1516 359 1568 quast
385 1517 592 1568 probabili
619 1518 835 1559 formando
866 1518 1088 1574 Theologo
1111 1517 1218 1559 solus
1237 1529 1317 1571 per
1345 1516 1385 1558 se

255 1597 417 1639 sufficiat
469 1613 581 1640 amor
618 1600 857 1656 religionis.·,
915 1601 1065 1642 summa
1105 1601 1176 1642 nifi
1218 1600 1386 1642 accedat

250 1682 475 1733 patientia
496 1684 679 1734 lahom's,
719 1696 785 1734 et,
820 1686 860 1724 in
890 1684 1108 1725 studiorum
1149 1683 1386 1725 devorandis

252 1762 484 1813 molestiis,
527 1766 728 1807 asfiduitas
770 1779 890 1821 atque
931 1767 1163 1809 constantia.
1236 1767 1275 1808 A
1307 1780 1386 1820 qua

258 1847 326 1897 qui
369 1846 608 1898 abhorreat,
651 1862 742 1890 eum
785 1852 825 1890 in
860 1851 934 1891 hac
963 1850 1226 1903 praesertim,
1265 1862 1383 1903 quam

262 1928 547 1979 profiteamur,
594 1932 836 1986 disciplinfi‚
871 1933 1050 1973 omnium
1079 1932 1378 1987 augu'stisfimfi,

253 2022 425 2062 -opcram
456 2013 539 2052 esse
567 2013 766 2066 lusurum,
798 2018 889 2070 quis
911 2027 997 2065 est,
1030 2017 1200 2069 quinon
1229 2015 1382 2057 videat!

260 2089 365 2131 Nam
394 2093 610 2150 Theologo
640 2109 700 2138 tot
730 2111 769 2139 et
801 2111 906 2140 tanta
949 2101 1038 2139 sunt
1076 2110 1116 2138 et
1159 2110 1239 2139 tam
1277 2099 1384 2139 varia

260 2171 422 2216 scientia
457 2189 502 2217 ac
539 2181 774 2234 cognitione
804 2181 1145 2236 complectenda5
1188 2193 1229 2223 et
1251 2192 1382 2237 gram-

1003 2268 1005 2270 '
1300 2275 1381 2304 ma-
