1513 2734
581 135 805 192 (46)

123 282 285 338 ligiofi‚
329 287 425 317 tune
472 270 635 311 demum
680 284 906 315 vestrorum
961 274 1149 317 Deorum
1196 278 1259 317 in-

124 353 253 395 crevit
281 345 432 397 copia,
464 342 594 394 iisque
619 340 825 394 splendida
866 344 1114 386 exstruxistis
1158 358 1260 387 tern-

123 422 216 478 pla‚
260 423 504 465 omnemque
536 411 741 459 sacrorum
769 415 1005 466 apparatum
1044 426 1259 470 augustum

124 487 381 534 reddidistis,
413 495 507 524 cum
534 481 655 523 latius
687 482 769 535 jam
811 482 1091 523 extendissetis
1129 486 1259 538 impe-

121 563 239 604 rium.
299 586 328 609 ‚,
358 553 475 608 Ergo
503 565 587 593 non
614 564 705 593 ante
735 552 940 606 religiofi‚
986 565 1106 605 quam
1148 566 1258 610 mag-

119 661 150 684 „
179 631 250 679 ni:‚
293 626 469 678 ideoque
501 635 587 663 non
611 623 773 677 magni,
804 623 900 674 quia
924 621 1134 676 religiofi”
1164 622 1260 676 (1).

122 701 277 743 Verum
293 698 402 737 enim
430 706 530 734 vero
559 694 657 746 quid
687 693 848 733 tandem
875 704 950 732 vos
967 692 1063 732 dico
1093 692 1262 747 religio-

118 771 218 813 sos?
263 767 310 808 In
354 764 444 818 ipso
480 764 588 804 enim
625 765 802 816 imperio
837 762 1024 816 augendo
1066 763 1107 802 in
1142 761 1262 804 Deos

119 840 255 883 fuistis
283 837 415 889 impii.
475 832 707 875 Domuistis
743 833 927 887 populos
953 832 1075 873 bellis
1118 846 1262 887 geren-

121 912 199 954 dis.
269 907 315 948 In
341 916 544 946 armorum
576 913 711 944 autem
749 902 916 955 strepitu
943 903 1052 943 sacra
1078 916 1126 943 ac
1164 917 1263 957 pro-

119 981 214 1022 fana
237 979 353 1033 juxta
378 973 590 1014 habentur.
650 970 882 1012 Diruuntur
903 973 1055 1023 templa
1070 1003 1084 1022 ,
1114 985 1264 1014 necan-

124 1061 191 1090 tur
228 1045 482 1090 sacerdotes,
527 1039 759 1081 avelluntur
802 1039 1040 1089 fimulacra‚
1088 1042 1263 1093 proster-

123 1129 301 1164 nuntur,
332 1111 587 1167 polluuntur.
648 1109 765 1164 Quid
795 1110 949 1163 igitur,
981 1111 1160 1162 quaeso,
1191 1125 1262 1153 ex-

122 1187 298 1241 cogitari
323 1184 448 1237 posfic
474 1181 677 1232 ineptius,
700 1181 972 1234 'quam-quod
995 1193 1103 1223 tanta
1124 1181 1261 1223 affecti

122 1254 372 1299 contumelia
412 1252 486 1293 Dii
525 1251 738 1292 atrocibus
776 1250 855 1292 suis
890 1250 1080 1292 hostibus
1118 1252 1264 1294 volue-

123 1329 204 1367 rint
229 1324 417 1366 exfistere
448 1320 676 1363 benevoli?

181 1590 380 1646 Expofita
422 1589 548 1644 igitur
588 1587 753 1640 egregia
788 1586 864 1627 hac
892 1585 1137 1628 Tertulliani
1171 1588 1266 1641 plu-

120 1666 226 1706 rium
255 1660 444 1702 Deorum
471 1657 810 1710 impugnatione,
856 1655 1112 1710 dijudicanda
1142 1658 1264 1700 nobis

120 1732 264 1774 instant
292 1738 556 1784 argumenta,
603 1727 754 1779 quibus
784 1725 1041 1767 Christianos
1068 1742 1090 1768 a
1120 1724 1263 1782 laesae

121 1800 359 1856 majestatis
384 1798 566 1840 crimine
597 1796 791 1837 defendit.
851 1798 1086 1848 Antequam
1100 1809 1200 1838 vero
1213 1797 1270 1839 il-.

122 1872 190 1914 luc
235 1884 312 1912 nos
353 1879 664 1918 convertamu8‚
708 1855 849 1920 paucis
902 1866 1120 1908 videndum
1167 1880 1259 1918 est,

123 1940 335 1995 quomodo
372 1938 625 1992 responderit
670 1938 720 1978 ad
758 1937 948 1991 quasdam
990 1938 1031 1978 in
1060 1936 1260 1979 Christia-

123 2025 270 2053 norum
310 2009 465 2052 cultum
511 2021 641 2048 motas
694 2008 949 2050 calumnias.
1035 2007 1260 2050 Christiani

1151 2078 1259 2120 enim

171 2158 237 2204 (ι)
260 2160 424 2204 Apologet.
449 2167 482 2192 c.
509 2167 566 2201 25.
596 2157 678 2193 edit.
703 2158 836 2194 Have
853 2168 915 2193 re.
943 2167 979 2201 p.
1001 2166 1083 2201 255.
