1513 2734
723 133 976 190 (200)

288 271 353 324 gis
381 271 662 319 convenisset,
704 274 1017 325 magnitudinem
1048 276 1109 314 vis
1137 276 1412 327 compositae,

289 340 428 380 itidem
457 340 721 380 determinare
751 343 1110 396 magnitudine‘vis
1138 346 1412 397 compositae,

287 409 327 449 in
373 409 753 464 parallelogrammo
798 414 971 462 virium3
1018 427 1108 454 cum
1136 415 1215 455 hoc
1243 414 1414 467 paralle-

287 478 516 532 logrammo
544 482 596 521 ufi
630 483 773 532 fimus,
803 483 851 524 ad
878 483 1218 527 determinandum
1247 484 1412 526 modum

284 561 370 601 quo
402 549 439 588 se
466 550 616 590 hubent
642 553 746 592 vires
774 565 1068 606 componentes
1098 555 1136 593 in
1167 565 1297 594 vecte.

342 618 395 659 X.
428 620 758 662 Animadvertere
788 625 866 664 hoc
898 624 997 664 loco
1024 636 1105 663 non
1134 623 1306 664 alienum
1324 635 1412 673 est,

284 689 518 730 alterutrum
548 693 842 744 principi0rum
861 724 874 741 ,
909 694 985 734 five
1014 690 1166 742 vectis,
1199 696 1276 734 five
1300 707 1414 733 com-

283 759 496 813 positionis
552 762 696 802 virium
714 793 727 809 ‚
785 763 906 803 facile
926 763 1203 809 demonstrari
1251 764 1414 804 alterius

283 841 391 881 ope,
424 843 516 870 cum
545 842 675 871 tamen
710 835 918 884 utriusque
950 832 1125 885 separata
1154 834 1217 873 vel
1262 835 1415 874 directa

283 898 569 939 demonstratio
595 901 795 954 ejusmodi
823 916 904 943 non
934 903 1007 950 fit,
1054 915 1183 956 quae,
1231 906 1284 945 ob
1325 905 1413 952 fim-

283 967 510 1018 plieitatem
538 979 578 1007 et
606 971 827 1020 perfectam
855 972 1182 1025 perspicuitatem
1199 1002 1212 1023 ‚
1243 975 1292 1014 ab
1325 970 1412 1015 om-

280 1035 400 1076 nibus
424 1036 685 1079 concedatur.

495 1172 1079 1225 ANNOTATIO
1138 1181 1239 1223 IV.-

339 1320 419 1374 (IN
457 1321 570 1364 ΛΒΤ.
616 1336 725 1378 1-7.
769 1324 895 1367 SECT.
940 1323 973 1364 Ι.
1018 1324 1124 1365 CAP.
1155 1323 1186 1364 Ι.
1218 1337 1273 1365 ET
1305 1336 1352 1365 ΙΝ

470 1392 584 1434 Am.
623 1407 637 1434 1
659 1408 730 1449 -3.
763 1395 890 1437 SsscT.
919 1394 972 1435 ΙΙ.
999 1394 1105 1436 CAP.
1136 1391 1218 1446 ΙΙ.)

337 1533 369 1574 Ι.
401 1533 656 1586 Memmius,
702 1538 780 1590 qufi
822 1535 1131 1589 compositionis
1174 1544 1215 1572 et
1241 1532 1409 1585 aequili-

280 1605 355 1644 brii
420 1608 709 1658 aequationes.,
767 1620 858 1647 cum
905 1606 1102 1658 plurimae
1143 1604 1249 1643 vires
1305 1616 1408 1655 quo-

278 1687 441 1727 cunque
489 1678 614 1717 modo
667 1678 704 1717 in
746 1690 871 1717 unum
913 1687 1108 1730 punctum
1149 1684 1301 1727 agunt,
1359 1673 1409 1713 de

276 1744 608 1794 monstravimus,
652 1748 827 1802 vulgaris
863 1759 958 1796 est,
1004 1758 1134 1798 neque
1185 1742 1406 1797 simplicio-

274 1815 308 1854 ri
338 1815 463 1855 modo
493 1816 565 1856 hae
595 1819 855 1870 aequationes
888 1818 1158 1857 inveniuntur.
1232 1813 1407 1854 Adhibi-

276 1894 314 1923 ta
341 1883 419 1924 fuit
441 1898 486 1925 ea
517 1887 758 1938 methodus,
804 1902 895 1930 cum
940 1886 1094 1927 theoria
1123 1885 1257 1925 axium
1284 1885 1406 1923 coor'-

275 1953 494 1995 dinatarum
534 1956 584 1997 ad
628 1956 913 1999 Mechanicam
953 1958 1072 1996 etiam
1108 1954 1404 2007 applicabatur.

274 2021 511 2077 Antiquitas
541 2028 648 2067 enim
686 2028 762 2068 alia
801 2026 997 2069 methodo
1038 2025 1405 2069 determinabanttu·

272 2093 503 2143 aequilibrii
554 2096 811 2138 conditiones
850 2096 1171 2152 *quamplurium
1227 2096 1401 2142 virium,

277 2176 443 2215 quarum
470 2165 714 2210 directiones
744 2170 787 2209 in
823 2169 929 2210 idem
967 2178 1163 2222 punctum
1207 2165 1399 2208 conveni·-

1295 2247 1394 2287 unt,
