<?xml version="1.0" encoding="UTF-8"?>
<!DOCTYPE html PUBLIC "-//W3C//DTD XHTML 1.0 Transitional//EN"
    "http://www.w3.org/TR/xhtml1/DTD/xhtml1-transitional.dtd">
<html xmlns="http://www.w3.org/1999/xhtml" xml:lang="en" lang="en">
 <head>
  <title>
</title>
<meta http-equiv="Content-Type" content="text/html;charset=utf-8" />
  <meta name='ocr-system' content='tesseract 3.04.00' />
  <meta name='ocr-capabilities' content='ocr_page ocr_carea ocr_par ocr_line ocrx_word'/>
</head>
<body>
  <div class='ocr_page' id='page_1' title='image "annalesacademiae23acad_0495.png"; bbox 0 0 1513 2734; ppageno 0'>
   <div class='ocr_carea' id='block_1_1' title="bbox 575 113 804 175">
    <p class='ocr_par' dir='ltr' id='par_1_1' title="bbox 575 113 804 175">
     <span class='ocr_line' id='line_1_1' title="bbox 575 113 804 175; baseline -0.017 1"><span class='ocrx_word' id='word_1_1' title='bbox 575 113 804 175; x_wconf 76' lang='lat'>(27)</span> 
     </span>
    </p>
   </div>
   <div class='ocr_carea' id='block_1_2' title="bbox 127 250 1284 1435">
    <p class='ocr_par' dir='ltr' id='par_1_2' title="bbox 127 250 1263 390">
     <span class='ocr_line' id='line_1_2' title="bbox 127 250 1263 312; baseline -0.011 -7"><span class='ocrx_word' id='word_1_2' title='bbox 127 259 287 312; x_wconf 69' lang='lat' dir='ltr'>infimi,</span> <span class='ocrx_word' id='word_1_3' title='bbox 317 256 582 302; x_wconf 78' lang='lat' dir='ltr'>absorbenda.</span> <span class='ocrx_word' id='word_1_4' title='bbox 641 254 746 299; x_wconf 79' lang='lat' dir='ltr'>Pura</span> <span class='ocrx_word' id='word_1_5' title='bbox 770 256 962 309; x_wconf 83' lang='lat' dir='ltr'>acquifita</span> <span class='ocrx_word' id='word_1_6' title='bbox 983 250 1151 294; x_wconf 83' lang='lat' dir='ltr'>miscela</span> <span class='ocrx_word' id='word_1_7' title='bbox 1163 255 1263 305; x_wconf 78' lang='lat' dir='ltr'>o‘xy-</span> 
     </span>
     <span class='ocr_line' id='line_1_3' title="bbox 128 325 1088 390; baseline -0.013 -15"><span class='ocrx_word' id='word_1_8' title='bbox 128 334 239 390; x_wconf 71' lang='lat' dir='ltr'>genii</span> <span class='ocrx_word' id='word_1_9' title='bbox 268 343 309 372; x_wconf 88' lang='lat' dir='ltr'>et</span> <span class='ocrx_word' id='word_1_10' title='bbox 335 333 441 373; x_wconf 87' lang='lat' dir='ltr'>azoti</span> <span class='ocrx_word' id='word_1_11' title='bbox 467 329 614 383; x_wconf 86' lang='lat' dir='ltr'>analyfi</span> <span class='ocrx_word' id='word_1_12' title='bbox 645 328 830 370; x_wconf 89' lang='lat' dir='ltr'>ulteriori</span> <span class='ocrx_word' id='word_1_13' title='bbox 855 325 1088 380; x_wconf 87' lang='lat' dir='ltr'>exponitur.</span> 
     </span>
    </p>

    <p class='ocr_par' dir='ltr' id='par_1_3' title="bbox 127 392 1281 1214">
     <span class='ocr_line' id='line_1_4' title="bbox 186 392 1268 450; baseline -0.011 -6"><span class='ocrx_word' id='word_1_14' title='bbox 186 403 362 444; x_wconf 89' lang='lat' dir='ltr'>Acidum</span> <span class='ocrx_word' id='word_1_15' title='bbox 389 400 654 443; x_wconf 76' lang='lat' dir='ltr'>cai-bonicum</span> <span class='ocrx_word' id='word_1_16' title='bbox 679 410 731 439; x_wconf 83' lang='lat' dir='ltr'>ex</span> <span class='ocrx_word' id='word_1_17' title='bbox 750 397 861 438; x_wconf 89' lang='lat' dir='ltr'>illius</span> <span class='ocrx_word' id='word_1_18' title='bbox 887 406 1109 450; x_wconf 86' lang='lat' dir='ltr'>praecepto</span> <span class='ocrx_word' id='word_1_19' title='bbox 1137 392 1268 434; x_wconf 80' lang='lat' dir='ltr'>deter-</span> 
     </span>
     <span class='ocr_line' id='line_1_5' title="bbox 129 463 1266 525; baseline -0.011 -9"><span class='ocrx_word' id='word_1_20' title='bbox 129 475 303 516; x_wconf 80' lang='lat' dir='ltr'>minatur</span> <span class='ocrx_word' id='word_1_21' title='bbox 319 504 332 524; x_wconf 84' lang='lat'>‚</span> <span class='ocrx_word' id='word_1_22' title='bbox 364 474 390 514; x_wconf 90' lang='lat' dir='ltr'>s1</span> <span class='ocrx_word' id='word_1_23' title='bbox 408 483 509 525; x_wconf 84' lang='lat' dir='ltr'>aqua</span> <span class='ocrx_word' id='word_1_24' title='bbox 540 469 775 523; x_wconf 88' lang='lat' dir='ltr'>sulphurosa</span> <span class='ocrx_word' id='word_1_25' title='bbox 802 479 862 508; x_wconf 87' lang='lat' dir='ltr'>est</span> <span class='ocrx_word' id='word_1_26' title='bbox 878 497 891 517; x_wconf 90' lang='lat'>‚</span> <span class='ocrx_word' id='word_1_27' title='bbox 922 464 1107 507; x_wconf 81' lang='lat' dir='ltr'>addendo</span> <span class='ocrx_word' id='word_1_28' title='bbox 1131 463 1266 516; x_wconf 88' lang='lat' dir='ltr'>primo</span> 
     </span>
     <span class='ocr_line' id='line_1_6' title="bbox 129 533 1272 587; baseline -0.012 -1"><span class='ocrx_word' id='word_1_29' title='bbox 129 555 324 586; x_wconf 83' lang='lat' dir='ltr'>acetatem</span> <span class='ocrx_word' id='word_1_30' title='bbox 355 542 508 587; x_wconf 75' lang='lat' dir='ltr'>calcis,</span> <span class='ocrx_word' id='word_1_31' title='bbox 538 553 589 581; x_wconf 89' lang='lat' dir='ltr'>ne</span> <span class='ocrx_word' id='word_1_32' title='bbox 620 539 732 580; x_wconf 83' lang='lat' dir='ltr'>firnul</span> <span class='ocrx_word' id='word_1_33' title='bbox 761 551 854 579; x_wconf 89' lang='lat' dir='ltr'>cum</span> <span class='ocrx_word' id='word_1_34' title='bbox 893 536 1012 578; x_wconf 90' lang='lat' dir='ltr'>acido</span> <span class='ocrx_word' id='word_1_35' title='bbox 1044 533 1272 575; x_wconf 86' lang='lat' dir='ltr'>carbonico</span> 
     </span>
     <span class='ocr_line' id='line_1_7' title="bbox 130 602 1272 668; baseline -0.013 -11"><span class='ocrx_word' id='word_1_36' title='bbox 130 614 359 668; x_wconf 85' lang='lat' dir='ltr'>expellatur</span> <span class='ocrx_word' id='word_1_37' title='bbox 387 613 547 656; x_wconf 88' lang='lat' dir='ltr'>acidum</span> <span class='ocrx_word' id='word_1_38' title='bbox 588 609 900 663; x_wconf 85' lang='lat' dir='ltr'>sulphurosum,</span> <span class='ocrx_word' id='word_1_39' title='bbox 946 604 1090 647; x_wconf 87' lang='lat' dir='ltr'>deinde</span> <span class='ocrx_word' id='word_1_40' title='bbox 1125 602 1272 657; x_wconf 86' lang='lat' dir='ltr'>aquam</span> 
     </span>
     <span class='ocr_line' id='line_1_8' title="bbox 132 672 1274 734; baseline -0.012 -7"><span class='ocrx_word' id='word_1_41' title='bbox 132 684 443 734; x_wconf 80' lang='lat' dir='ltr'>calefaciendo,</span> <span class='ocrx_word' id='word_1_42' title='bbox 473 694 516 723; x_wconf 86' lang='lat' dir='ltr'>et</span> <span class='ocrx_word' id='word_1_43' title='bbox 531 693 605 731; x_wconf 83' lang='lat' dir='ltr'>ea,</span> <span class='ocrx_word' id='word_1_44' title='bbox 639 692 742 734; x_wconf 84' lang='lat' dir='ltr'>quae</span> <span class='ocrx_word' id='word_1_45' title='bbox 758 677 1041 731; x_wconf 86' lang='lat' dir='ltr'>expelluntur,</span> <span class='ocrx_word' id='word_1_46' title='bbox 1068 686 1137 730; x_wconf 86' lang='lat' dir='ltr'>gas</span> <span class='ocrx_word' id='word_1_47' title='bbox 1155 704 1167 724; x_wconf 86' lang='lat'>,</span> <span class='ocrx_word' id='word_1_48' title='bbox 1200 672 1274 714; x_wconf 58' lang='lat' dir='ltr'>du*</span> 
     </span>
     <span class='ocr_line' id='line_1_9' title="bbox 132 743 1277 808; baseline -0.011 -12"><span class='ocrx_word' id='word_1_49' title='bbox 132 755 265 796; x_wconf 83' lang='lat' dir='ltr'>cendo</span> <span class='ocrx_word' id='word_1_50' title='bbox 293 756 410 808; x_wconf 87' lang='lat' dir='ltr'>supra</span> <span class='ocrx_word' id='word_1_51' title='bbox 439 751 646 793; x_wconf 87' lang='lat' dir='ltr'>miscelam</span> <span class='ocrx_word' id='word_1_52' title='bbox 669 750 896 791; x_wconf 82' lang='lat' dir='ltr'>ammoniae</span> <span class='ocrx_word' id='word_1_53' title='bbox 924 747 1101 800; x_wconf 82' lang='lat' dir='ltr'>liquidae</span> <span class='ocrx_word' id='word_1_54' title='bbox 1135 755 1178 784; x_wconf 85' lang='lat' dir='ltr'>ct</span> <span class='ocrx_word' id='word_1_55' title='bbox 1199 743 1277 794; x_wconf 86' lang='lat' dir='ltr'>hy-</span> 
     </span>
     <span class='ocr_line' id='line_1_10' title="bbox 133 812 1277 866; baseline -0.012 0"><span class='ocrx_word' id='word_1_56' title='bbox 133 825 406 866; x_wconf 77' lang='lat' dir='ltr'>drochloratis</span> <span class='ocrx_word' id='word_1_57' title='bbox 459 823 599 864; x_wconf 82' lang='lat' dir='ltr'>calcis.</span> <span class='ocrx_word' id='word_1_58' title='bbox 689 819 867 860; x_wconf 88' lang='lat' dir='ltr'>Acidum</span> <span class='ocrx_word' id='word_1_59' title='bbox 911 816 1176 858; x_wconf 88' lang='lat' dir='ltr'>carbonicum</span> <span class='ocrx_word' id='word_1_60' title='bbox 1221 812 1277 853; x_wconf 90' lang='lat' dir='ltr'>s1c</span> 
     </span>
     <span class='ocr_line' id='line_1_11' title="bbox 128 883 1279 947; baseline -0.013 -11"><span class='ocrx_word' id='word_1_61' title='bbox 128 901 226 936; x_wconf 71' lang='lat' dir='ltr'>curn</span> <span class='ocrx_word' id='word_1_62' title='bbox 270 892 384 934; x_wconf 82' lang='lat' dir='ltr'>calce</span> <span class='ocrx_word' id='word_1_63' title='bbox 418 893 537 947; x_wconf 80' lang='lat' dir='ltr'>Jungi</span> <span class='ocrx_word' id='word_1_64' title='bbox 578 893 744 946; x_wconf 86' lang='lat' dir='ltr'>cogitur</span> <span class='ocrx_word' id='word_1_65' title='bbox 789 900 831 929; x_wconf 91' lang='lat' dir='ltr'>et</span> <span class='ocrx_word' id='word_1_66' title='bbox 868 887 1072 927; x_wconf 84' lang='lat' dir='ltr'>ammonia</span> <span class='ocrx_word' id='word_1_67' title='bbox 1114 883 1279 924; x_wconf 87' lang='lat' dir='ltr'>acidum</span> 
     </span>
     <span class='ocr_line' id='line_1_12' title="bbox 132 954 1279 1016; baseline -0.011 -11"><span class='ocrx_word' id='word_1_68' title='bbox 132 963 499 1016; x_wconf 80' lang='lat' dir='ltr'>hydrochloricum</span> <span class='ocrx_word' id='word_1_69' title='bbox 546 963 717 1014; x_wconf 85' lang='lat' dir='ltr'>arripit,</span> <span class='ocrx_word' id='word_1_70' title='bbox 774 971 815 999; x_wconf 88' lang='lat' dir='ltr'>et</span> <span class='ocrx_word' id='word_1_71' title='bbox 864 959 919 998; x_wconf 87' lang='lat' dir='ltr'>ita</span> <span class='ocrx_word' id='word_1_72' title='bbox 960 956 1062 998; x_wconf 87' lang='lat' dir='ltr'>sub·</span> <span class='ocrx_word' id='word_1_73' title='bbox 1079 954 1279 995; x_wconf 84' lang='lat' dir='ltr'>carbonas</span> 
     </span>
     <span class='ocr_line' id='line_1_13' title="bbox 133 1026 1280 1081; baseline -0.012 -5"><span class='ocrx_word' id='word_1_74' title='bbox 133 1034 260 1076; x_wconf 79' lang='lat' dir='ltr'>calcis</span> <span class='ocrx_word' id='word_1_75' title='bbox 287 1033 491 1074; x_wconf 84' lang='lat' dir='ltr'>collectus</span> <span class='ocrx_word' id='word_1_76' title='bbox 519 1032 712 1081; x_wconf 76' lang='lat' dir='ltr'>ablutus,</span> <span class='ocrx_word' id='word_1_77' title='bbox 759 1030 930 1070; x_wconf 88' lang='lat' dir='ltr'>ficcatus</span> <span class='ocrx_word' id='word_1_78' title='bbox 970 1038 1011 1067; x_wconf 86' lang='lat' dir='ltr'>et</span> <span class='ocrx_word' id='word_1_79' title='bbox 1040 1026 1145 1065; x_wconf 85' lang='lat' dir='ltr'>bene</span> <span class='ocrx_word' id='word_1_80' title='bbox 1174 1034 1280 1076; x_wconf 89' lang='lat' dir='ltr'>pon-</span> 
     </span>
     <span class='ocr_line' id='line_1_14' title="bbox 127 1092 1281 1156; baseline -0.007 -15"><span class='ocrx_word' id='word_1_81' title='bbox 127 1104 293 1145; x_wconf 76' lang='lat' dir='ltr'>,dei-atus¹</span> <span class='ocrx_word' id='word_1_82' title='bbox 323 1102 511 1155; x_wconf 80' lang='lat' dir='ltr'>pondus,</span> <span class='ocrx_word' id='word_1_83' title='bbox 555 1114 596 1142; x_wconf 88' lang='lat' dir='ltr'>et</span> <span class='ocrx_word' id='word_1_84' title='bbox 639 1103 763 1156; x_wconf 87' lang='lat' dir='ltr'>igitur</span> <span class='ocrx_word' id='word_1_85' title='bbox 792 1100 914 1139; x_wconf 80' lang='lat' dir='ltr'>etiam</span> <span class='ocrx_word' id='word_1_86' title='bbox 943 1097 1139 1138; x_wconf 90' lang='lat' dir='ltr'>volumen</span> <span class='ocrx_word' id='word_1_87' title='bbox 1166 1092 1281 1134; x_wconf 84' lang='lat' dir='ltr'>exhi-</span> 
     </span>
     <span class='ocr_line' id='line_1_15' title="bbox 135 1172 595 1214; baseline -0.007 0"><span class='ocrx_word' id='word_1_88' title='bbox 135 1175 206 1214; x_wconf 89' lang='lat' dir='ltr'>bet</span> <span class='ocrx_word' id='word_1_89' title='bbox 235 1172 342 1213; x_wconf 83' lang='lat' dir='ltr'>acidi</span> <span class='ocrx_word' id='word_1_90' title='bbox 370 1172 595 1213; x_wconf 85' lang='lat' dir='ltr'>carbonici.</span> 
     </span>
    </p>

    <p class='ocr_par' dir='ltr' id='par_1_4' title="bbox 136 1231 1284 1435">
     <span class='ocr_line' id='line_1_16' title="bbox 197 1231 1280 1293; baseline -0.011 -9"><span class='ocrx_word' id='word_1_91' title='bbox 197 1242 241 1284; x_wconf 91' lang='lat' dir='ltr'>Si</span> <span class='ocrx_word' id='word_1_92' title='bbox 271 1242 432 1283; x_wconf 79' lang='lat' dir='ltr'>acidum</span> <span class='ocrx_word' id='word_1_93' title='bbox 463 1239 882 1293; x_wconf 86' lang='lat' dir='ltr'>hydrosulphuricum</span> <span class='ocrx_word' id='word_1_94' title='bbox 909 1237 1043 1285; x_wconf 87' lang='lat' dir='ltr'>inest,</span> <span class='ocrx_word' id='word_1_95' title='bbox 1089 1231 1280 1274; x_wconf 84' lang='lat' dir='ltr'>determi-</span> 
     </span>
     <span class='ocr_line' id='line_1_17' title="bbox 136 1305 1283 1360; baseline -0.011 -5"><span class='ocrx_word' id='word_1_96' title='bbox 136 1323 254 1355; x_wconf 86' lang='lat' dir='ltr'><strong>natur</strong></span> <span class='ocrx_word' id='word_1_97' title='bbox 281 1311 421 1353; x_wconf 86' lang='lat' dir='ltr'>eadem</span> <span class='ocrx_word' id='word_1_98' title='bbox 451 1313 609 1352; x_wconf 85' lang='lat' dir='ltr'>ratione</span> <span class='ocrx_word' id='word_1_99' title='bbox 625 1341 639 1360; x_wconf 81' lang='lat'><strong>‚</strong></span> <span class='ocrx_word' id='word_1_100' title='bbox 672 1309 740 1349; x_wconf 88' lang='lat' dir='ltr'>sed</span> <span class='ocrx_word' id='word_1_101' title='bbox 766 1306 958 1349; x_wconf 86' lang='lat' dir='ltr'>miscelae</span> <span class='ocrx_word' id='word_1_102' title='bbox 982 1305 1210 1348; x_wconf 85' lang='lat' dir='ltr'>ammoniae</span> <span class='ocrx_word' id='word_1_103' title='bbox 1239 1311 1283 1342; x_wconf 89' lang='lat' dir='ltr'>et</span> 
     </span>
     <span class='ocr_line' id='line_1_18' title="bbox 136 1371 1284 1435; baseline -0.012 -10"><span class='ocrx_word' id='word_1_104' title='bbox 136 1381 470 1435; x_wconf 78' lang='lat' dir='ltr'>hydrochloratis</span> <span class='ocrx_word' id='word_1_105' title='bbox 493 1378 620 1420; x_wconf 85' lang='lat' dir='ltr'>calcis</span> <span class='ocrx_word' id='word_1_106' title='bbox 646 1376 940 1419; x_wconf 86' lang='lat' dir='ltr'>substituendus</span> <span class='ocrx_word' id='word_1_107' title='bbox 965 1386 1100 1417; x_wconf 84' lang='lat' dir='ltr'>acetas</span> <span class='ocrx_word' id='word_1_108' title='bbox 1121 1371 1284 1428; x_wconf 88' lang='lat' dir='ltr'>plumbi</span> 
     </span>
    </p>
   </div>
   <div class='ocr_carea' id='block_1_3' title="bbox 70 1443 1283 1504">
    <p class='ocr_par' dir='ltr' id='par_1_5' title="bbox 70 1443 1283 1504">
     <span class='ocr_line' id='line_1_19' title="bbox 70 1443 1283 1504; baseline -0.011 -9"><span class='ocrx_word' id='word_1_109' title='bbox 70 1445 71 1448; x_wconf 29' lang='lat'>¹</span> <span class='ocrx_word' id='word_1_110' title='bbox 140 1445 282 1495; x_wconf 83' lang='lat' dir='ltr'>acidus</span> <span class='ocrx_word' id='word_1_111' title='bbox 298 1482 311 1501; x_wconf 87' lang='lat'><strong>‚</strong></span> <span class='ocrx_word' id='word_1_112' title='bbox 342 1460 427 1504; x_wconf 91' lang='lat' dir='ltr'>quo</span> <span class='ocrx_word' id='word_1_113' title='bbox 445 1451 642 1490; x_wconf 86' lang='lat' dir='ltr'>intactum</span> <span class='ocrx_word' id='word_1_114' title='bbox 658 1458 793 1487; x_wconf 84' lang='lat' dir='ltr'>manet</span> <span class='ocrx_word' id='word_1_115' title='bbox 812 1446 974 1487; x_wconf 87' lang='lat' dir='ltr'>acidum</span> <span class='ocrx_word' id='word_1_116' title='bbox 995 1443 1283 1487; x_wconf 83' lang='lat' dir='ltr'>carbonicum:</span> 
     </span>
    </p>
   </div>
   <div class='ocr_carea' id='block_1_4' title="bbox 138 1511 1285 1714">
    <p class='ocr_par' dir='ltr' id='par_1_6' title="bbox 138 1511 1285 1714">
     <span class='ocr_line' id='line_1_20' title="bbox 138 1511 1285 1573; baseline -0.01 -9"><span class='ocrx_word' id='word_1_117' title='bbox 138 1511 301 1564; x_wconf 77' lang='lat' dir='ltr'>acidum</span> <span class='ocrx_word' id='word_1_118' title='bbox 329 1517 745 1573; x_wconf 84' lang='lat' dir='ltr'>hydrosulphuricum</span> <span class='ocrx_word' id='word_1_119' title='bbox 787 1518 924 1570; x_wconf 88' lang='lat' dir='ltr'>itaque</span> <span class='ocrx_word' id='word_1_120' title='bbox 965 1514 1285 1567; x_wconf 82' lang='lat' dir='ltr'>decomponitur</span> 
     </span>
     <span class='ocr_line' id='line_1_21' title="bbox 140 1579 1283 1644; baseline -0.013 -10"><span class='ocrx_word' id='word_1_121' title='bbox 140 1604 183 1634; x_wconf 84' lang='lat' dir='ltr'>et</span> <span class='ocrx_word' id='word_1_122' title='bbox 225 1591 503 1644; x_wconf 81' lang='lat' dir='ltr'>sulphurctum</span> <span class='ocrx_word' id='word_1_123' title='bbox 542 1587 704 1641; x_wconf 87' lang='lat' dir='ltr'>plumbi</span> <span class='ocrx_word' id='word_1_124' title='bbox 741 1587 979 1636; x_wconf 53' lang='lat' dir='ltr'>formatum,</span> <span class='ocrx_word' id='word_1_125' title='bbox 1012 1584 1118 1624; x_wconf 83' lang='lat' dir='ltr'>unde</span> <span class='ocrx_word' id='word_1_126' title='bbox 1160 1579 1283 1624; x_wconf 86' lang='lat' dir='ltr'>facile</span> 
     </span>
     <span class='ocr_line' id='line_1_22' title="bbox 142 1651 1285 1714; baseline -0.01 -10"><span class='ocrx_word' id='word_1_127' title='bbox 142 1662 345 1704; x_wconf 82' lang='lat' dir='ltr'>habentur</span> <span class='ocrx_word' id='word_1_128' title='bbox 370 1658 532 1714; x_wconf 85' lang='lat' dir='ltr'>pondus</span> <span class='ocrx_word' id='word_1_129' title='bbox 558 1667 601 1698; x_wconf 92' lang='lat' dir='ltr'>et</span> <span class='ocrx_word' id='word_1_130' title='bbox 625 1656 820 1700; x_wconf 89' lang='lat' dir='ltr'>volumen</span> <span class='ocrx_word' id='word_1_131' title='bbox 845 1655 954 1697; x_wconf 84' lang='lat' dir='ltr'>acidi</span> <span class='ocrx_word' id='word_1_132' title='bbox 983 1651 1285 1707; x_wconf 84' lang='lat' dir='ltr'>hydrosulphu-</span> 
     </span>
    </p>
   </div>
   <div class='ocr_carea' id='block_1_5' title="bbox 144 1727 1285 1835">
    <p class='ocr_par' dir='ltr' id='par_1_7' title="bbox 144 1727 1285 1835">
     <span class='ocr_line' id='line_1_23' title="bbox 144 1727 347 1785; baseline -0.01 -13"><span class='ocrx_word' id='word_1_133' title='bbox 144 1732 220 1773; x_wconf 88' lang='lat' dir='ltr'>rici</span> <span class='ocrx_word' id='word_1_134' title='bbox 250 1727 347 1785; x_wconf 81' lang='grc'>(1).</span> 
     </span>
     <span class='ocr_line' id='line_1_24' title="bbox 1184 1792 1285 1835; baseline 0 -1"><span class='ocrx_word' id='word_1_135' title='bbox 1184 1792 1285 1835; x_wconf 88' lang='lat' dir='ltr'>Aci·-</span> 
     </span>
    </p>
   </div>
   <div class='ocr_carea' id='block_1_6' title="bbox 146 1921 1283 2199">
    <p class='ocr_par' dir='ltr' id='par_1_8' title="bbox 146 1921 1283 2199">
     <span class='ocr_line' id='line_1_25' title="bbox 178 1921 1283 1975; baseline -0.002 -17"><span class='ocrx_word' id='word_1_136' title='bbox 178 1922 258 1975; x_wconf 65' lang='lat'>(1)</span> <span class='ocrx_word' id='word_1_137' title='bbox 296 1923 530 1967; x_wconf 86' lang='lat' dir='ltr'>Sulphuretum</span> <span class='ocrx_word' id='word_1_138' title='bbox 563 1930 684 1966; x_wconf 87' lang='lat' dir='ltr'>nempe</span> <span class='ocrx_word' id='word_1_139' title='bbox 720 1923 848 1967; x_wconf 87' lang='lat' dir='ltr'>plumbi</span> <span class='ocrx_word' id='word_1_140' title='bbox 885 1921 1096 1966; x_wconf 88' lang='lat' dir='ltr'>componitur</span> <span class='ocrx_word' id='word_1_141' title='bbox 1139 1929 1184 1956; x_wconf 82' lang='lat' dir='ltr'>ex</span> <span class='ocrx_word' id='word_1_142' title='bbox 1223 1930 1283 1956; x_wconf 81' lang='lat' dir='ltr'>loc</span> 
     </span>
     <span class='ocr_line' id='line_1_26' title="bbox 146 1977 1281 2027; baseline -0.004 -12"><span class='ocrx_word' id='word_1_143' title='bbox 146 1982 275 2027; x_wconf 85' lang='lat' dir='ltr'>plumbi</span> <span class='ocrx_word' id='word_1_144' title='bbox 309 1989 344 2014; x_wconf 82' lang='lat' dir='ltr'>et</span> <span class='ocrx_word' id='word_1_145' title='bbox 374 1989 470 2024; x_wconf 82' lang='lat'>15,45</span> <span class='ocrx_word' id='word_1_146' title='bbox 503 1979 662 2024; x_wconf 86' lang='lat' dir='ltr'>sulphuris</span> <span class='ocrx_word' id='word_1_147' title='bbox 689 1980 837 2025; x_wconf 82' lang='lat' dir='ltr'>partibus</span> <span class='ocrx_word' id='word_1_148' title='bbox 870 1977 1122 2024; x_wconf 65' lang='lat' dir='ltr'>(The&#39;nard</span> <span class='ocrx_word' id='word_1_149' title='bbox 1140 2004 1149 2019; x_wconf 89' lang='lat'>,</span> <span class='ocrx_word' id='word_1_150' title='bbox 1187 1978 1281 2015; x_wconf 78' lang='lat' dir='ltr'>Tom,</span> 
     </span>
     <span class='ocr_line' id='line_1_27' title="bbox 148 2032 1282 2082; baseline -0.005 -9"><span class='ocrx_word' id='word_1_151' title='bbox 148 2038 209 2074; x_wconf 84' lang='lat' dir='ltr'>IV.</span> <span class='ocrx_word' id='word_1_152' title='bbox 236 2046 309 2082; x_wconf 83' lang='lat' dir='ltr'>pag.</span> <span class='ocrx_word' id='word_1_153' title='bbox 337 2035 442 2082; x_wconf 84' lang='lat'>173),</span> <span class='ocrx_word' id='word_1_154' title='bbox 482 2045 516 2070; x_wconf 88' lang='lat' dir='ltr'>et</span> <span class='ocrx_word' id='word_1_155' title='bbox 543 2037 653 2069; x_wconf 79' lang='lat' dir='ltr'>litrum</span> <span class='ocrx_word' id='word_1_156' title='bbox 682 2038 764 2073; x_wconf 82' lang='lat' dir='ltr'>acidi</span> <span class='ocrx_word' id='word_1_157' title='bbox 801 2035 1090 2081; x_wconf 84' lang='lat' dir='ltr'>hydrosulphurici</span> <span class='ocrx_word' id='word_1_158' title='bbox 1117 2032 1282 2078; x_wconf 80' lang='lat' dir='ltr'>pressione</span> 
     </span>
     <span class='ocr_line' id='line_1_28' title="bbox 149 2093 1279 2145; baseline -0.005 -13"><span class='ocrx_word' id='word_1_159' title='bbox 149 2097 261 2142; x_wconf 74' lang='lat'><strong>760¹²⁸¹</strong></span> <span class='ocrx_word' id='word_1_160' title='bbox 285 2103 320 2131; x_wconf 89' lang='lat' dir='ltr'>et</span> <span class='ocrx_word' id='word_1_161' title='bbox 347 2103 448 2145; x_wconf 52' lang='lat' dir='ltr'>qemp.</span> <span class='ocrx_word' id='word_1_162' title='bbox 463 2099 498 2128; x_wconf 86' lang='lat'>0⁰</span> <span class='ocrx_word' id='word_1_163' title='bbox 519 2094 656 2132; x_wconf 86' lang='lat' dir='ltr'>Therm.</span> <span class='ocrx_word' id='word_1_164' title='bbox 675 2098 776 2134; x_wconf 84' lang='lat' dir='ltr'>Ceut.</span> <span class='ocrx_word' id='word_1_165' title='bbox 790 2095 940 2132; x_wconf 86' lang='lat' dir='ltr'>continet</span> <span class='ocrx_word' id='word_1_166' title='bbox 953 2093 1112 2137; x_wconf 84' lang='lat' dir='ltr'>sulphuris</span> <span class='ocrx_word' id='word_1_167' title='bbox 1134 2093 1279 2138; x_wconf 66' lang='lat'>13²·,4581</span> 
     </span>
     <span class='ocr_line' id='line_1_29' title="bbox 149 2152 323 2199; baseline 0.006 -11"><span class='ocrx_word' id='word_1_168' title='bbox 149 2152 323 2199; x_wconf 66' lang='lat' dir='ltr'>(ibidem).</span> 
     </span>
    </p>
   </div>
  </div>
 </body>
</html>
