1513 2734
767 158 791 213 (
851 172 902 215 34
960 159 983 213 )

313 279 630 351 res'gravisfimi.
689 294 805 350 Quae
829 308 927 336 vero
955 294 1197 348 defig'natuin
1232 304 1293 334 me
1316 294 1429 334 'reti-

310 389 403 418 nere
428 378 646 431 potuissent
670 390 716 418 ac
747 377 974 426 deterrere,
1005 387 1049 417 ut
1078 374 1146 416 illa
1172 387 1426 416 removeren-

310 470 401 509 tur,
431 459 579 499 nullam
605 470 684 499 non
712 438 872 510 operam
902 458 1078 498 dedistis.
1139 456 1250 511 Quin
1279 458 1325 497 ea
1353 457 1426 497 hu—

305 542 493 581 manitate
535 540 795 582 confirmastis
830 539 1076 579 dubitantem
1117 549 1157 579 et
1201 538 1423 588 allexistis‚

302 623 363 661 uti
387 622 434 662 de
461 621 704 661 inveniendis
732 621 864 660 verbis
891 632 1008 673 atque
1050 621 1229 660 oratione
1272 621 1425 671 reperi-

301 702 430 750 enda,
476 703 550 755 qua
577 703 676 757 grati
704 703 764 742 his
787 715 863 756 pro
889 702 1094 742 beneficiis
1123 702 1243 742 animi
1293 700 1423 744 sensus

299 785 530 833 enuntiem,
573 784 732 836 prorsus
770 784 868 824 mihi
908 784 1062 825 videam
1089 782 1172 823 esse
1215 782 1421 835 desperan-

298 865 406 906 dum.
466 864 567 906 Eam
582 877 742 914 autem,
770 878 887 919 quam
917 865 1077 919 possum
1107 877 1251 914 unam,
1282 864 1415 906 Vobis

298 948 463 1001 gratiam
489 947 661 996 referre,
691 946 805 987 nullo
831 947 1017 1000 equidem
1056 958 1257 999 tempore,
1297 946 1414 987 'bono

296 1040 391 1069 cum
419 1026 539 1077 Deo,
585 1027 791 1076 desistamz,
834 1029 936 1067 hanc
967 1029 1182 1076 nimirum,
1224 1038 1294 1077 ut,
1339 1040 1417 1080 qua

295 1109 590 1163 possimopera
609 1107 934 1163 diligentisfimei,
965 1108 1006 1148 id
1030 1108 1267 1149 contendam
1295 1120 1414 1162 atque

295 1192 446 1240 enitar,
488 1202 538 1230 ne
579 1190 664 1230 mea
703 1202 877 1243 unquam
903 1201 969 1230 aut
996 1190 1113 1243 culpa
1136 1201 1202 1231 aut
1232 1191 1374 1232 defidifi
1397 1221 1410 1240 ‚

293 1271 497 1313 recessisse
550 1272 644 1312 hinc
683 1282 841 1312 nostrae
882 1271 1017 1312 literae
1059 1262 1137 1312 vel*
1170 1272 1407 1326 demigrasse

295 1354 539 1395 censeantur.
598 1353 684 1394 Vos
712 1364 867 1403 autem,
898 1353 984 1394 Viri
1001 1353 1248 1406 amplissimi!
1274 1365 1411 1406 quam-

295 1435 364 1476 diu
393 1435 505 1477 Deus
531 1421 793 1486 immortalis,
824 1436 970 1476 nostris
997 1447 1170 1476 annuens
1200 1448 1275 1488 pro
1309 1434 1410 1476 Ves-

285 1518 355 1559 'tra
380 1517 500 1558 salute
526 1519 631 1558 votis
658 1518 933 1559 ardentisfimis
950 1547 963 1567 ‚
995 1517 1158 1570 sospites
1184 1517 1343 1559 servarit
1358 1530 1405 1559 ac

294 1600 548 1651 fortunatos3
587 1600 635 1640 de
670 1600 814 1640 talibus
841 1600 961 1640 nobis
989 1595 1201 1640 industriae
1245 1611 1405 1641 nostrae

299 1683 467 1722 testibus
510 1694 750 1738 magnopere
777 1681 1000 1722 laetandum
1034 1680 1117 1722 esse
1151 1682 1405 1734 putabimus!

352 1765 419 1804 Ab
464 1762 624 1804 ineunte
648 1764 832 1818 equidem
861 1764 1058 1817 pueritia,
1103 1776 1194 1804 cum
1222 1763 1405 1818 singulari

294 1846 363 1888 fim
385 1848 638 1887 veneratione
664 1845 785 1887 Viros
806 1845 1041 1899 prosecutus
1070 1846 1404 1887 eruditionislau—

294 1928 342 1968 de
371 1927 638 1977 excellentes:‚
669 1927 783 1977 Vos,
814 1926 1064 1969 Professores
1093 1930 1403 1981 qtmrumvis'ar-

296 2011 393 2049 tium
414 2022 459 2050 ac
489 2008 784 2062 disciplinarum
814 2009 1040 2051 clarissimi!
1073 2021 1403 2063 quantopereme

295 2091 463 2144 gaudere
506 2092 736 2132 existimatis
773 2103 892 2144 atque
942 2091 1163 2140 exsultare,
1208 2101 1401 2134 comme

295 2171 439 2213 Vestro
479 2173 631 2214 videam
669 2173 866 2216 consessui
896 2174 1162 2228 adscriptum,
1207 2185 1247 2215 et
1273 2173 1402 2215 colle-

1329 2268 1398 2311 gas
