1513 2734
669 120 896 198 (38)

222 280 329 321 ‘haec
359 277 629 331 rejiciebant,
660 290 818 322 caetera
847 296 1169 339 contorquentes
1199 285 1249 326 ad
1278 286 1364 327 sen-

228 349 312 389 sum
343 358 436 387 vere
469 347 726 392 historicum.
786 350 906 407 Quae
949 356 1074 409 igitur
1101 355 1199 396 olim
1228 369 1365 410 popu-

220 419 296 459 lari
339 417 418 458 fide
458 430 481 457 a
519 417 616 459 Diis
656 421 957 464 immortalibus
987 437 1218 477 perpetrata
1244 427 1367 467 fuisse

225 487 495 530 credebantur
538 489 741 543 facinora,
786 492 932 534 horum
966 505 1155 535 auctores
1188 508 1295 538 nunc
1326 499 1369 537 in

225 558 373 613 vulgus
401 559 722 611 perhibebantur
746 561 869 603 fuisse
905 561 1107 604 homines.
1167 563 1260 607 Nec
1302 565 1368 607 vel

226 630 280 670 fic
336 640 468 670 tamen
520 632 643 683 periit
687 634 821 674 omnis
875 631 1063 675 Deorum
1107 635 1370 678 existimatio.

227 697 411 739 Eosdem
457 700 565 741 enim
617 701 719 744 illos.
757 704 974 753 homines,
1017 703 1105 746 five'
1141 718 1258 761 reges
1299 719 1374 747 eos

230 765 380 816 fuisse,
427 768 506 809 five
546 773 692 813 artium
723 774 984 824 inventores,
1017 777 1096 817 five
1131 789 1375 830 quacunque

231 837 392 882 tandem
433 841 590 881 ratione
618 854 689 883 eos
716 845 951 886 inclaruisse
992 846 1234 896 statuerent,
1281 858 1380 900 post

229 918 404 948 mortem
443 909 498 950 ob
544 911 649 952 bene
676 916 819 956 merita
863 917 905 956 in
947 915 1136 957 Deorum
1165 928 1378 958 numerum

218 976 382 1017 „relatos
423 979 546 1020 fuisse
585 984 903 1034 existimabant,
949 983 1172 1039 divinoque
1219 987 1376 1028 honore

233 1047 434 1089 colendos
462 1048 558 1102 (Ι).

294 1116 414 1160 I-Ianc
437 1120 564 1174 igitur
593 1120 643 1161 de
659 1120 755 1163 Diis
773 1123 1011 1165 sententiam
1027 1137 1120 1166 cum
1138 1125 1379 1178 profiteren-

220 1199 302 1233 .tur
314 1189 527 1231 adversarii
545 1222 558 1239 ,
590 1204 673 1233 non
690 1205 879 1247 poterant
903 1207 987 1236 non
1018 1195 1199 1236 assentiri
1216 1194 1380 1236 Tertul-

221 1259 349 1305 liano
364 1259 574 1312 statuenti,
599 1263 780 1316 ipsorum
796 1264 915 1306 Deos
932 1266 1119 1306 homines
1132 1265 1254 1306 fuisse
1271 1279 1380 1306 mor-

242 1331 356 1372 tales.
417 1331 485 1374 Ne
527 1345 628 1374 vero
669 1335 763 1388 ipfis
790 1335 899 1376 ullus
935 1346 1060 1376 restet
1089 1336 1170 1378 hoc
1202 1335 1382 1377 disfimu-

224 1401 510 1453 ›landilocus.,
535 1404 656 1447 vide!
689 1417 811 1459 quam
842 1417 958 1446 caute
981 1405 1064 1447 illis
1095 1406 1180 1459 ipsa
1197 1406 1383 1448 ostendat

242 1472 366 1523 loca,
399 1475 440 1514 in
462 1475 614 1526 quibus
630 1474 706 1516 Dii
722 1478 804 1516 nati
821 1478 906 1517 esse
930 1490 977 1518 ae
1006 1478 1162 1533 degisse
1190 1487 1385 1518 mortem-

224 1552 322 1595 que
353 1543 503 1583 obiisse
536 1541 694 1597 vulgari
724 1544 803 1584 fide
841 1547 1138 1596 credebanturt,
1181 1558 1386 1600 quamque

226 1611 463 1666 -diligenter
491 1610 587 1652 illos
615 1612 736 1653 ducat
763 1614 814 1654 ad
841 1626 984 1655 eorum
1026 1628 1289 1656 monumenta
1329 1616 1386 1656 se-

245 1680 470 1736 pulcralia!
515 1693 664 1735 quanta
691 1682 910 1725 disserendi
950 1684 1162 1739 diligentia
1198 1685 1282 1727 illis
1318 1686 1387 1727 de-

235 1751 439 1793 “monstret
453 1783 467 1802 ‚
499 1752 628 1806 ipsum
646 1752 748 1794 adeo
767 1753 980 1795 Saturnum
999 1785 1011 1804 ‚
1045 1754 1233 1798 Deorum
1256 1758 1388 1797 omni-

229 1836 314 1864 um
331 1834 489 1877 patrem
502 1834 624 1877 atque
653 1834 861 1867 auctorem
887 1827 1116 1880 principem
1133 1857 1147 1878 ‚
1178 1825 1388 1882 vulgarem

1286 1896 1388 1938 fuis-

249 2054 253 2056 *
292 2009 357 2055 (Ι)
382 2010 474 2045 Cic
491 2018 509 2042 e
525 2018 605 2050 ro,
622 2014 626 2018 ’
643 2009 776 2053 Quaest.
810 2009 895 2045 Tusca
933 2011 961 2045 Ι.
999 2021 1051 2055 13.
1089 2012 1127 2045 de
1154 2019 1280 2046 natura
1306 2012 1390 2045 Deo-

249 2058 345 2109 rizm,
372 2069 417 2104 11.
447 2079 503 2112 24.
548 2068 603 2101 De
628 2068 784 2102 universo
800 2066 865 2101 hoc
885 2078 1009 2110 argum.
1044 2069 1135 2102 conf.
1165 2069 1268 2102 Doct.
1301 2078 1389 2101 van

247 2125 279 2158 T
295 2135 312 2158 e
329 2136 350 2158 u
368 2134 380 2158 t
396 2135 414 2158 e
430 2135 461 2158 m
476 2150 487 2165 ,
523 2126 563 2158 de
602 2125 771 2168 allegorica
802 2126 891 2170 apud
909 2128 1054 2169 antiquos
1067 2124 1260 2169 fhbularum
1287 2128 1389 2159 inter-

243 2183 446 2226 pretatione,
468 2192 541 2226 pag.
565 2192 607 2225 23
625 2203 637 2209 -
654 2183 707 2226 36.
