1513 2734
771 155 809 215 1<
858 159 951 200 :106
1012 154 1036 209 >

413 295 551 336 haberi
578 296 703 349 po‘sfit
729 309 805 350 pro
829 296 962 336 libero
990 283 1221 337 confitentis
1243 294 1411 337 conse'nae

410 363 455 405 su
471 394 484 414 ,
517 364 661 418 sponte
678 365 930 420 consequens
946 375 1006 406 est
1021 395 1033 414 ‚
1064 365 1215 408 nullam
1228 365 1312 407 fere
1326 364 1411 406 esse

409 435 748 488 praesumtionem
765 465 780 487 ‚
811 449 912 490 quae
939 442 1148 490 tantopere
1176 435 1226 477 ad
1261 436 1412 490 probae

411 505 564 545 tionem
581 506 747 547 accedat
763 536 776 555 ,
808 519 926 562 quam
944 506 1188 560 praesumtio
1204 535 1217 556 ‚
1244 499 1345 558 quae
1359 517 1411 547 ex

352 597 355 620 ³
407 575 662 617 confesfione
688 578 815 618 oritur
830 607 844 627 ‚
876 590 969 618 cum
984 589 1107 618 nemo
1128 588 1213 617 rem
1229 605 1243 625 ‚
1269 575 1319 616 de
1332 573 1412 629 qua

403 647 558 700 agitur,
590 645 733 687 melius
755 648 826 689 fibi
853 649 1060 703 cognitam
1085 644 1233 688 habere
1255 646 1409 700 posfit,

403 729 523 770 quam
548 717 579 757 is
601 718 709 771 ipse,
737 720 852 770 cuius
876 720 1048 760 maxime
1070 719 1259 765 interest,
1280 715 1380 757 scire
1395 743 1408 764 ,

403 787 615 840 quomodo
643 802 705 830 res
732 789 771 830 se
792 789 951 830 habeat.
1008 787 1146 842 Quare
1171 786 1291 827 etiam
1321 796 1411 825 om·

402 869 476 897 nes
500 856 583 898 fere
607 858 750 899 civiles
772 858 1050 914 legislationes
1073 859 1176 899 hane
1207 855 1410 910 praesum-

404 929 558 969 tionem
591 929 693 969 inter
727 931 975 985 gravissimas
1006 928 1110 983 legis
1142 925 1410 980 praesumtio-

402 1010 474 1039 nes
493 990 692 1041 recenseri
714 999 945 1042 voluerunt,
995 998 1094 1054 Quo
1122 998 1285 1051 majoris
1309 1007 1410 1036 vero

401 1070 600 1110 momenti
630 1069 730 1111 haec
756 1071 1002 1124 praesumtio
1032 1067 1216 1110 habenda
1242 1077 1325 1115 est,
1356 1077 1409 1106 eo

400 1138 637 1194 diligentius
682 1140 848 1195 quoque
890 1141 1138 1195 distinguere
1182 1137 1377 1179 debemus
1393 1166 1407 1186 ,

399 1210 563 1264 quando
604 1211 851 1254 admittenda
890 1214 965 1263 fit,
1012 1209 1173 1264 quando
1210 1220 1308 1249 vero
1341 1203 1408 1247 vel

399 1280 519 1333 plane
552 1281 801 1335 rejicienda,
840 1283 905 1324 vel
949 1281 1088 1324 saltem
1125 1279 1275 1335 judicis
1301 1277 1410 1318 arbi-

399 1352 480 1391 trio
501 1351 777 1406 relinquenda.
839 1354 934 1411 Qua
956 1355 997 1395 in
1013 1365 1055 1394 re
1079 1363 1162 1392 non
1184 1360 1326 1391 omnes
1347 1348 1409 1387 in·-

399 1431 462 1462 ter
502 1423 540 1463 se
584 1426 833 1466 conveniunt
876 1423 1156 1480 legislationes
1196 1419 1407 1474 positivae.

397 1488 609 1545 Quaenam
631 1493 676 1534 fit
698 1493 884 1535 doctrina
896 1495 997 1549 juris
1018 1491 1197 1540 Gallici,
1221 1501 1263 1530 et
1283 1493 1409 1542 quan·

399 1570 543 1614 topere
570 1575 592 1602 a
629 1564 845 1617 principiis
884 1562 1154 1619 legislationis
1194 1559 1409 1601 Romano-

398 1641 487 1671 rum
515 1629 699 1683 differat,
731 1634 873 1686 paucis
901 1644 1154 1687 exponemus
1181 1630 1207 1684 ζ
1215 1629 1278 1683 1).

210 1711 385 1747 Confesfio
455 1701 674 1746 Confesfio
717 1704 783 1745 sua
821 1708 961 1746 natura
990 1713 1052 1744 est
1081 1700 1144 1743 vel
1174 1699 1408 1759 judicialis,

189 1758 312 1836 ἒζὲῐζῧὲ
327 1759 462 1838 {Zivel
504 1773 835 1828 extrajudic'ialis.
867 1790 870 1795 ·
904 1761 1409 1828 Romani'Jurisconsulei

193 1844 372 1898 Csstfaiudi-
398 1844 446 1884 de
472 1846 691 1897 posteriori
720 1844 1044 1897 speciedisertis
1071 1842 1245 1898 ‘quidem
1272 1841 1409 1882 verbis

191 1893 294 1927 mans.
398 1913 529 1955 locuti
556 1926 640 1955 non
668 1913 781 1955 sunt:
828 1915 1095 1956 nihilominus
1138 1924 1271 1954 tamen
1295 1914 1408 1966 prin-

1348 1995 1409 2024 ci-

444 2086 507 2134 (1)
532 2089 633 2124 Conf.
661 2090 702 2124 M
719 2099 737 2122 e
753 2099 773 2122 n
789 2098 810 2123 o
825 2089 879 2123 ch
894 2090 904 2123 i
918 2099 940 2123 u
958 2098 973 2123 s
987 2114 998 2130 ‚
1037 2090 1095 2133 Op.
1121 2087 1209 2121 laud.
1248 2083 1344 2120 Libr.
1380 2084 1408 2118 1.

398 2152 606 2189 quaese-mn
631 2154 665 2181 et
680 2147 714 2180 *P
730 2147 739 2180 i
755 2156 771 2180 r
785 2156 801 2180 r
816 2146 837 2179 h
853 2148 898 2181 in
913 2156 934 2189 g
949 2170 959 2187 ,
986 2143 1028 2178 ad
1053 2144 1184 2178 titulum
1222 2140 1407 2178 Decretali·

399 2215 452 2240 um
475 2206 513 2240 de
539 2203 698 2249 Confisst's,
722 2209 776 2239 n0.
802 2215 854 2250 19.
914 2225 918 2229 ·
