1513 2734
710 158 736 215 <
795 174 846 204 22
908 163 934 215 >

266 301 326 341 ίὶιε
373 296 693 340 Christianorum
747 296 942 348 familiam,
989 297 1073 346 ibi,
1119 299 1248 338 omnis
1291 298 1379 339 aevi

265 394 363 423 teste
393 382 463 423 usu
490 392 607 435 atque
634 381 930 433 experienti-fi,-
954 381 1023 432 qui
1054 379 1220 421 meliore
1251 392 1382 421 caete-

262 467 316 505 ris
343 464 430 505 sunt
458 463 582 512 loco,
613 462 804 503 facillime
833 462 920 511 illi,
966 461 1270 516 privilegiorum
1299 473 1382 504 non·

265 548 392 587 miuus
422 546 576 596 securi,
607 558 723 600 quam
751 545 900 585 inventi
927 528 1039 594 veri,
1081 545 1384 586 obdormiscere

263 629 520 670 consuerunt.
606 627 821 669 Deteriore
872 639 969 667 vero
1027 628 1096 680 qui
1150 627 1385 667 conditione
1427 635 1431 639 ⁴

262 722 450 761 mantum,
491 711 731 764 paratiorem
771 712 821 750 iis
867 710 916 750 ad
957 720 1162 763 torporem
1201 710 1385 764 ingenio-

263 806 348 834 rum
376 793 691 847 languoremque
708 821 721 841 ,
763 805 881 845 quam
908 791 958 831 ad
980 791 1201 851 >studiorum
1243 791 1385 832 alacri-

266 883 415 924 tatem,
444 876 548 915 viam
580 875 662 915 esse
689 887 735 915 ac
764 874 966 923 semitam,
999 878 1088 927 quis
1116 886 1177 914 est
1207 876 1276 927 qui
1302 887 1385 915 non

264 958 427 997 videat?
458 955 524 996 Ex
551 957 625 996 hac
656 969 780 1008 porro
806 956 942 996 eadem
968 957 1115 1009 jurium
1149 957 1383 1009 iniquitate,·

265 1038 507 1086 aemulatio,
555 1037 660 1090 proh
701 1037 846 1077 dolor!
887 1038 1062 1077 nascitur
1104 1046 1144 1077 et
1183 1039 1387 1078 obtrecta-

264 1122 350 1170 tio,
376 1120 459 1174 qud
475 1150 488 1169 ,
518 1131 781 1172 quaecunque
805 1118 928 1159 altera
957 1118 1273 1160 dissentientium
1294 1133 1386 1173 pars

265 1214 332 1244 aut
375 1213 482 1242 recte
523 1202 695 1249 viderit,
749 1213 815 1242 aut
867 1200 1033 1241 solerter
1074 1202 1298 1252 invenerit,
1341 1216 1388 1244 ea

265 1285 444 1338 quamvis
470 1282 698 1337 praeclara,
730 1282 841 1323 alteri
871 1295 1000 1324 tamen
1028 1284 1211 1324 sordeant
1251 1286 1386 1339 parti,

265 1379 367 1419 quae
403 1365 610 1419 pulchrius
650 1366 732 1406 fere
775 1366 847 1406 fibi
891 1366 1010 1408 ducat
1048 1367 1087 1407 in
1115 1367 1387 1409 absurdissima

264 1461 445 1502 quaeque
471 1450 707 1502 opinionum
736 1462 849 1490 ruere
879 1457 1135 1499 commenta,
1167 1463 1285 1504 quarn
1310 1451 1386 1490 ini-

266 1533 381 1572 micis
411 1531 626 1584 quidquam
667 1543 732 1573 aut
756 1531 945 1581 debere,
989 1545 1056 1573 aut
1084 1543 1297 1585 acceptum
1324 1545 1387 1573 re-

265 1613 381 1654 ferre.
440 1612 547 1655 Hinc
576 1607 747 1667 denique
769 1615 979 1656 hominum
1003 1626 1048 1656 ut
1075 1614 1291 1668 plurimum
1308 1614 1388 1656 stu*

266 1696 355 1745 dia,
399 1709 421 1736 a
450 1696 649 1751 frugiferis
675 1699 792 1739 rebus
817 1696 1075 1751 explorandis
1116 1711 1162 1738 ac
1205 1709 1388 1738 momen-

269 1779 390 1827 tciis‚
433 1780 471 1818 in
497 1780 734 1832 turpissimas
763 1793 940 1833 quasque
968 1779 1247 1833 persectandas
1276 1779 1390 1821 dela-i

266 1861 414 1901 buntur
434 1861 746 1914 disputationum
774 1863 823 1903 de
852 1863 938 1903 lana
969 1863 1129 1916 caprina
1157 1864 1275 1903 trieas
1308 1864 1384 1903 mi-

264 1946 487 1996 nutiasque.
517 1965 560 1976 -
589 1944 706 1999 Quae
735 1959 826 1986 cum
857 1947 910 1986 ita
937 1946 1037 1994 fine,
1070 1945 1286 1986 Auditores
1309 1945 1391 1985 hu--

267 2029 470 2069 manismi!
514 2030 602 2082 quis
628 2042 708 2070 non
738 2029 905 2071 laetetur
943 2028 1219 2084 gaudeatque,
1261 2038 1302 2067 et
1341 2028 1384 2067 in

267 2108 427 2151 Batavi&
479 2111 638 2165 prorsus
673 2125 778 2155 nunc
821 2112 1017 2155 exaruisse
1056 2111 1237 2153 turbidos
1280 2111 1382 2151 istos

1323 2205 1377 2232 ri-
