1513 2734
599 136 797 194 (5)

133 278 377 334 sagacissima
407 275 528 318 nullis
543 276 766 318 ratiociniis
783 275 951 316 inveniri
968 305 982 324 ,
1011 282 1080 315 aut
1094 269 1259 325 probari

131 350 305 404 posfint:
350 358 390 387 et
432 347 481 386 iis
517 346 706 388 omnibus
754 344 1024 386 instrumentis
1065 341 1261 384 Mathefis

131 419 254 460 debet
279 417 389 459 illam
417 415 718 470 praestantiam,
757 414 836 469 qua
860 414 998 456 eadem
1026 425 1089 454 res
1130 411 1261 453 modis

130 488 349 529 admodum
374 486 760 527 variisvconfiderari
805 495 971 540 potest;
1016 499 1061 509 -
1090 494 1131 524 et
1160 480 1260 536 quid

134 558 278 599 melius
294 588 307 608 ,
340 557 438 611 quid
465 559 626 598 naturae
644 558 770 611 magis
787 556 1077 598 convenienter
1092 553 1141 594 ad
1158 554 1264 593 intu-

133 629 276 669 endam
304 640 436 668 rerum
466 640 598 668 veram
626 626 806 667 indolem
824 658 836 677 ,
875 639 995 680 quam
1023 624 1181 665 easdem
1211 635 1263 664 ex

128 698 438 747 diverfisslocis
464 699 730 750 conspicere,
760 708 800 737 et
825 697 905 746 fic,
937 697 977 735 in
1005 696 1125 736 variis
1151 695 1257 744 viis,

131 769 257 809 varias
301 778 434 820 partes
466 779 732 821 cognoscere.
778 789 822 799 —
867 766 1026 807 Merito
1056 766 1179 819 igitur
1222 766 1265 805 in

131 837 194 877 his
222 837 449 890 disciplinis
479 836 571 877 illae
596 848 730 890 partes
747 867 760 886 ,
791 849 884 890 prae
905 836 1073 876 caeteris
1090 865 1102 883 ,
1134 835 1266 876 erudi-

131 908 234 948 tioni
261 918 376 961 aptae
407 908 518 957 sunt,
558 920 659 961 quae
687 909 743 948 ita
785 906 864 947 sese
891 905 1080 953 habent,
1131 916 1176 946 ut
1215 905 1268 947 ad

124 991 195 1019 eas
230 979 394 1031 semper
431 978 748 1031 perveniamus,
786 987 1033 1029 quamquam
1074 987 1097 1014 e
1145 977 1266 1017 variis

129 1047 236 1089 locis
275 1048 597 1101 p1·.oficiscamur

126 1140 131 1144 -
187 1116 301 1158 Haec
325 1118 440 1159 causa
469 1118 545 1158 fuit
574 1130 646 1158 cur
661 1115 871 1157 confilium
889 1079 1152 1169 Quaestionis
1172 1081 1264 1156 Me-

129 1187 350 1236 chamae,
394 1200 416 1226 a
464 1186 573 1227 Viris
625 1184 895 1235 Clarisfimis,
941 1187 983 1226 in
1023 1184 1265 1239 amplissima

128 1255 320 1298 facultate
352 1256 657 1309 disciplinarum
687 1256 1068 1297 Mathematicarum
1093 1268 1141 1296 ac
1157 1255 1265 1307 Phy-

129 1328 296 1369 ficarum
324 1327 580 1380 propositae,
625 1325 740 1366 valde
771 1326 869 1366 mihi
900 1325 1127 1378 placuerit,
1159 1337 1267 1366 eam·

130 1398 458 1450 quepraecipue
487 1398 544 1437 obv
568 1410 652 1437 rem
670 1426 682 1443 ,
722 1399 914 1450 quoniam
940 1398 980 1436 in
1006 1397 1092 1450 ejus
1122 1395 1262 1436 elabo-

129 1467 312 1516 ratione,
343 1465 442 1506 utile
477 1479 571 1507 cum
602 1466 711 1507 dulci
739 1478 830 1520 apte
861 1479 901 1508 et
935 1468 1136 1509 concinne
1164 1478 1265 1507 con-

128 1537 313 1591 junctum
348 1548 420 1577 est.
466 1553 500 1561 -
531 1535 737 1591 Quantum
780 1539 886 1578 enim
930 1539 972 1578 in
1008 1537 1143 1578 studiis
1170 1536 1265 1578 Ma-

132 1607 361 1647 thematicis
403 1608 568 1659 prodest
612 1608 798 1662 cognitio
833 1606 1075 1648 diversarum
1107 1607 1268 1647 metho-

130 1676 297 1725 dorum,
352 1678 499 1729 quibus
554 1677 604 1718 ad
647 1678 811 1719 eosdem
853 1677 952 1719 fines
1002 1680 1262 1731 pervenitur!

133 1747 188 1788 fic
218 1747 514 1802 intelligimus,
559 1747 657 1802 quid
710 1747 854 1789 habeat
894 1750 1102 1803 proposita
1143 1762 1267 1790 mate·

127 1817 210 1856 ,ries
238 1829 455 1858 commune
479 1831 570 1859 cum
599 1817 688 1859 aliis
718 1819 927 1860 doctrinae
953 1820 1167 1874 parti<bus:‚
1212 1820 1266 1862 fic

131 1887 354 1938 reperimus
410 1889 480 1928 ubi
536 1888 699 1937 sonteS‚
757 1902 780 1931 e
833 1890 982 1944 quibus
1033 1890 1265 1939 haurimus,

131 1956 342 1998 confluunt
370 1968 410 1998 et
439 1959 508 1999 ubi
537 1959 794 2012 separantur,
839 1971 920 2010 et,
953 1973 1046 2001 cum
1087 1959 1268 2001 nondum

129 2030 301 2081 magnos
324 2028 532 2080 profectus
562 2026 764 2078 fecimus,
797 2029 896 2070 haec
925 2041 986 2070 est
1013 2031 1116 2071 ratio
1147 2030 1272 2083 aptis·

133 2097 253 2144 fima,
299 2110 375 2150 qua
425 2099 625 2140 invenitur
667 2101 731 2140 via
775 2100 938 2140 brevior
978 2112 1080 2152 quae
1121 2111 1196 2141 nos
1225 2098 1277 2140 ad

135 2165 256 2208 finem
310 2166 456 2219 ducat,
514 2185 560 2198 ·-
615 2182 741 2225 eaque
778 2180 840 2212 est
876 2171 941 2213 vla
982 2182 1102 2224 quam
1141 2169 1274 2223 sequi-

1207 2249 1271 2279 tur
