1513 2734
589 153 808 212 (25)

139 293 195 335 ria
218 293 457 342 studiorum,
488 292 637 335 nullam
665 293 749 334 esse
774 304 939 346 usquam
963 300 1123 346 gentem
1151 300 1263 331 com-

134 377 379 431 parandam!
425 397 469 407 —
513 375 558 416 In
596 373 870 431 Philosophia?
895 387 1020 428 porro
1065 372 1263 422 colenda,

142 461 232 513 quis
276 473 357 500 non
400 459 615 514 Belgarum
659 459 792 500 laudet
835 470 926 500 cum
973 458 1123 511 pietate
1165 468 1264 496 con-

138 542 321 596 junctam
351 543 632 595 prudentiam,
664 554 791 596 quae,
821 541 970 581 nemini
990 540 1262 592 emancipata,

136 637 405 679 ¹quaecunque
443 626 484 665 in
528 625 793 666 diverfisfimis
822 622 1054 681 ¹disciplinis
1083 623 1264 676 optima,

144 706 305 765 delectu
334 707 502 757 habito,
544 719 584 747 et
609 707 920 760 exploratissima
953 705 1186 754 videantur,
1218 716 1267 745 ea

141 800 183 830 et
213 788 517 843 amplectenda,
558 800 598 829 et
639 790 679 828 in
721 788 875 829 divinae
903 788 1022 829 ducat
1055 787 1265 841 religionis

141 871 458 918 emolumentum
498 871 791 913 convertenda!
822 891 868 901 -
897 869 1170 924 Antiquitati
1197 869 1264 909 de-

140 955 265 1008 nique
296 965 336 995 et
363 965 521 995 exterae
540 965 588 1009 ret
616 953 746 995 sacrae
765 984 777 1004 ,
813 953 877 995 vel
904 953 1024 994 docte
1052 952 1266 1006 exploran-

142 1037 242 1086 dae,
273 1036 338 1076 vel
366 1048 476 1077 recte
499 1036 836 1091 cognoscendae,
867 1035 966 1090 quid
994 1037 1119 1090 magis
1148 1035 1266 1075 obes·

142 1117 453 1179 se-censendum
479 1129 539 1158 est
558 1129 677 1171 atque
705 1119 891 1167 officere,
936 1131 1054 1170 quam
1080 1116 1267 1157 effrenata

142 1202 221 1241 ista
249 1200 416 1254 hujusce
443 1201 582 1240 aetatis
614 1201 815 1240 temeritas
830 1210 950 1253 atque
969 1200 1158 1248 audacia,
1190 1211 1270 1251 qua

141 1281 330 1337 permulti
357 1282 477 1324 hodie
505 1294 572 1324 aut
595 1281 804 1337 Philologi
841 1283 998 1336 abrepti
1023 1293 1090 1325 aut
1130 1281 1270 1339 Theo-7

141 1365 259 1421 logi,
305 1377 657 1407 monumentorum
696 1365 882 1420 neglecta
918 1357 1007 1406 fide'
1027 1366 1269 1418 testiumque

140 1447 270 1502 spreta
305 1450 574 1509 auctoritate,
617 1440 794 1503 fingendi
835 1448 1035 1502 quidlibet
1057 1447 1271 1489 libidinem

141 1542 182 1572 et
206 1531 536 1574 comminisccndi
554 1562 567 1582 ‚
612 1532 772 1573 doctam
799 1532 950 1586 jactant
978 1543 1018 1572 et
1044 1543 1271 1573 accuratam

143 1614 414 1656 eruditionem
446 1608 679 1656 historicam
697 1616 706 1655 ἔ
750 1613 903 1656 Nostra
923 1615 1047 1670 igitur
1069 1617 1111 1655 in
1133 1616 1274 1656 civita-

144 1709 184 1738 te
213 1708 322 1740 recta
347 1687 483 1753 vigere
512 1709 552 1737 et
578 1699 711 1751 prisca
742 1698 879 1739 harum
907 1699 1028 1738 etiarn
1069 1697 1272 1738 literarum

145 1779 299 1830 studia,
332 1780 413 1821 hoc
445 1779 510 1821 vel
536 1782 712 1823 maximo
742 1780 900 1823 videtur
914 1781 1022 1822 effici
1064 1793 1274 1836 argumen-

151 1873 224 1914 ιο,
271 1863 384 1916 quod
427 1862 552 1904 multa
590 1862 808 1904 multorum
839 1863 887 1904 de
916 1863 1036 1905 rebus
1067 1863 1274 1905 historicis

144 1957 376 1987 commenta
403 1947 532 1986 inania
562 1956 602 1986 et
632 1945 813 1995 somnia,
859 1947 1032 2000 quibus,
1063 1947 1196 1987 vicina
1232 1947 1273 1986 in

145 2038 292 2082 gente,
324 2028 404 2069 hoc
428 2040 641 2081 tempore,
672 2028 932 2070 vehementer
951 2028 1184 2083 applausum
1210 2041 1271 2070 es-

145 2107 184 2149 se
241 2121 263 2148 a
304 2111 584 2163 compluribus
627 2111 837 2161 norimus,
888 2113 1126 2154 nostratium
1167 2124 1271 2154 voce

145 2192 321 2235 unanimi
349 2192 497 2246 rejecta
522 2193 739 2240 viderimus
769 2206 809 2237 et
837 2180 1015 2249 explosa.

1201 2275 1273 2319 Vi·
