1513 2734
761 127 982 185 (18)

308 268 406 311 cleri
459 267 634 308 Romani
677 267 970 306 auctoritatem.
1039 262 1183 318 *Quod
1225 271 1322 302 vcro
1356 272 1429 314 per

308 352 380 391 tria
417 351 496 404 jam
537 347 667 389 secula
707 357 838 387 mente
875 346 1008 386 moliti
1043 349 1152 386 e'rant
1179 344 1425 397 patriarchae

305 432 510 478 Romani„
554 431 658 471 idem
688 428 788 470 illud
829 440 928 469 aevo
962 439 1108 468 octavo
1146 426 1426 478 opportunita-

304 525 384 554 tum
402 544 416 563 ‚
448 526 548 567 quae
576 513 653 553 huc
684 511 914 559 valuerunt,
945 522 1023 564 ope
1040 539 1053 558 ‚
1084 508 1218 549 effecit
1241 508 1426 550 Romana

303 595 473 652 indoles.
546 594 679 650 Novis
702 594 790 647 jam„
814 593 853 633 in
883 591 1097 633 Germania
1119 589 1293 631 conditis
1319 591 1425 642 epis-

298 690 498 731 coporum
528 675 714 727 sedibus3
744 675 1021 729 adjuvantibus
1051 673 1120 715 fibi
1149 673 1323 713 invicem
1350 670 1425 712 Pe-

296 760 394 813 pino
433 759 667 811 Caroloque
707 768 748 797 et
775 756 1074 806 Pontificibus3
1121 766 1232 795 ortus
1259 766 1320 796 est
1353 766 1424 796 ex-

298 841 454 894 templo
485 840 684 882 Nicolaus
713 839 772 887 L,
811 840 881 893 qui
908 838 997 880 suae
1025 838 1275 878 auctoritatis
1301 837 1418 891 jura,

295 936 377 964 non
416 924 533 963 armis
575 933 642 963 aut
683 924 756 969 vi,
801 921 869 962 sed
906 920 994 961 aliis
1031 920 1263 973 praesidiis,
1293 921 1333 960 in
1361 918 1424 960 lu-

296 1017 384 1046 cem
409 1003 556 1044 emisfis
579 1002 1218 1044 Pseudo·IfidoriDecretalibus
1234 1031 1246 1050 ‚
1278 1001 1424 1045 studuit

294 1086 510 1128 vindicare.
570 1084 778 1126 Summum
806 1084 928 1138 igitur
956 1083 1036 1124 sese
1064 1083 1270 1126 constituit
1299 1082 1424 1124 Orbis

292 1168 561 1222 Episcopum.
650 1166 829 1220 Decreta
871 1165 1035 1219 Papalia
1076 1178 1149 1219 per
1190 1165 1420 1212 universum

294 1251 433 1292 orbem
462 1241 739 1292 Christianum'
761 1248 918 1289 honore
948 1248 1086 1289 haberi
1110 1248 1224 1303 jusfit
1251 1248 1420 1289 et'obe-

293 1334 470 1382 dienffli,
503 1333 719 1385 habuitque
748 1330 905 1372 tandem
936 1330 1142 1384 supremus
1173 1330 1242 1371 ille
1271 1332 1312 1370 in
1342 1341 1419 1371 ter-

291 1418 346 1458 ris
363 1428 402 1457 et
417 1415 673 1470 Legislator‚
705 1424 745 1454 et
772 1413 919 1463 Iudex,
949 1424 989 1454 et
1005 1413 1228 1467 Princeps,
1261 1413 1352 1459 suos
1379 1415 1420 1454 in

291 1498 628 1553 Archiepiscopis
673 1496 855 1551 legatos,
902 1509 1006 1550 quos
1055 1496 1182 1550 pallio
1230 1496 1418 1537 donabat.

292 1580 360 1622 Eo
399 1581 555 1622 tandem
590 1580 785 1634 processit
825 1579 1027 1633 Johannes
1074 1578 1204 1628 VIII,
1261 1591 1308 1624 ut
1335 1579 1420 1633 ipse

292 1675 444 1705 crearet
499 1663 737 1704 Germaniae
795 1661 1082 1714 Imperatorem
1100 1691 1113 1710 ,
1176 1674 1249 1714 per
1296 1674 1416 1714 quem

291 1758 449 1787 ceteros
474 1757 612 1785 omncs
641 1743 750 1785 simul
778 1745 1019 1799 gubernaret
1052 1743 1276 1797 Principes.
1336 1744 1416 1784 Ve-

290 1841 375 1869 rum
421 1827 650 1868 domm-andi
691 1827 759 1867 hic
805 1826 923 1868 ardor
962 1839 1044 1866 non
1095 1826 1314 1882 Pontifices
1354 1826 1416 1867 so-

293 1910 404 1958 lum,
450 1910 516 1950 sed
557 1908 781 1950 universum
809 1909 1039 1963 occupabat
1069 1908 1221 1949 clerum
1262 1908 1415 1951 Roma-

291 2006 400 2034 num.
459 1991 783 2046 Negligebantur
813 1991 989 2032 concilia
1025 2002 1064 2031 et
1093 1991 1262 2043 synodi,
1306 1993 1414 2033 inva-

294 2051 457 2115 luerunt¹
483 2087 579 2114 vero
608 2073 856 2122 Pontifices,
902 2086 1123 2126 eorumque
1151 2073 1287 2128 legati.

344 2156 506 2211 Quibus
533 2156 587 2196 ita
626 2156 866 2209 praeparatis
883 2185 896 2205 ‚
939 2156 1104 2197 surrexit
1136 2156 1294 2203 tandem
1320 2154 1430 2220 HHB

1344 2238 1411 2280 dc-
