1513 2734
683 135 936 195 (100)

252 293 344 329 tur,
375 289 458 330 quo
486 272 592 316 haud
620 284 712 312 raro
742 271 817 322 fit,
849 286 894 315 ut
922 287 1024 327 aqua
1047 275 1161 329 justo
1191 271 1384 326 majorem

249 351 374 392 calcis
417 346 682 400 quantitatem
723 343 966 393 absorbeat,
1011 355 1051 384 et
1088 344 1310 384 contineat.
1341 359 1387 370 -

246 420 293 461 Si
324 419 448 472 igitur
471 415 600 457 calcis
631 413 676 454 fit
706 414 836 468 major
860 414 1089 466 quantitaS,
1124 425 1254 464 ‘quam
1283 421 1387 463 quae

246 501 340 529 cum
370 486 488 527 acido
519 483 744 525 cai-bonico
776 484 1037 524 carbonatem
1073 481 1247 522 formare
1283 491 1388 533 pos-

249 560 323 606 fit,
371 553 687 596 sub-carbonas
731 551 930 593 formatur
972 564 1013 592 et
1057 563 1177 591 omne
1227 550 1387 594 acidum

249 627 514 675 carbonicum
559 623 612 663 fic
652 623 957 675 praecipitatur.
987 621 1192 678 —Igitur
1230 619 1388 673 duplici

249 697 299 739 de
327 695 444 738 causa
466 705 569 748 aqua
595 705 679 733 non
709 692 857 733 melior
883 692 942 733 fit.

255 821 257 824 Α
306 768 351 809 Si
391 769 432 808 in
458 765 558 806 vasis
587 763 764 818 ligneis,
806 763 889 803 aeri
917 761 1149 817 patentibus
1177 759 1390 814 colligitur

253 851 356 893 aqua
398 837 587 891 pluviae,
631 845 672 873 et
709 834 749 873 in
781 833 843 874 his
879 832 1124 885 aliquamdiu
1155 831 1297 886 degit,
1329 831 1390 870 in÷

250 910 387 949 venies
417 904 717 946 multitudinem
756 902 987 943 animalium
1034 901 1322 942 infusoriorum
1350 909 1391 940 et
1427 906 1429 908 ’

248 979 563 1024 confervarum,
606 987 630 1014 a
671 972 897 1014 substantiis
927 973 1131 1026 organicis
1161 970 1392 1024 producto-

249 1062 338 1093 rum
354 1079 373 1103 ,
398 1049 439 1088 in
468 1058 572 1098 aqua
596 1043 855 1087 haerentibus
872 1072 886 1092 ,
932 1053 1055 1096 quare
1085 1040 1306 1096 rejicienda
1331 1050 1393 1080 est

252 1120 343 1161 talis
367 1129 493 1170 aquae
525 1114 736 1157 servandae
761 1113 882 1154 ratio.

308 1190 518 1231 Praeterea
574 1197 681 1225 tecta
736 1184 959 1231 domuum,
1004 1194 1107 1236 quae
1151 1181 1392 1235 plerumque

248 1271 376 1313 aquae
404 1251 939 1310 colligendaeinserviunt,
972 1251 1274 1305 impuritatibus
1289 1249 1393 1291 mul-
1435 1300 1442 1308 ι

251 1332 303 1372 tis
334 1329 515 1375 scatent,
559 1326 619 1365 uti
648 1325 781 1365 avium
811 1322 1030 1370 foecibus,
1076 1320 1273 1374 reliquis,
1318 1333 1392 1361 un-

255 1399 327 1445 de,
373 1398 399 1439 fi
429 1408 511 1436 non
542 1393 741 1434 interdum
772 1394 1044 1446 deputantur,
1089 1391 1202 1444 quod
1243 1376 1392 1444 procul

256 1468 386 1509 dubio
414 1465 521 1519 apud
547 1476 624 1503 nos
645 1462 730 1503 fere
757 1473 962 1514 nunquam
987 1460 1058 1508 fit,
1091 1471 1233 1500 omnes
1256 1459 1391 1501 sordes

255 1550 334 1579 una
378 1547 470 1577 eum
509 1545 611 1586 aqua
656 1531 815 1584 pluviae
846 1530 896 1570 ad
930 1531 1125 1574 ,cisternas
1160 1529 1392 1577 ducuntur,

256 1605 546 1655 solvunturque
563 1600 767 1642 solubilia.
810 1598 921 1640 Hinc
939 1600 1108 1639 omnino
1126 1598 1362 1652 sperandum
1377 1627 1392 1646 ,

254 1674 344 1717 fore
362 1703 374 1722 ,
406 1684 450 1713 ut
479 1685 501 1711 a
528 1672 650 1711 nobis
679 1670 786 1710 idem
814 1670 1035 1721 recipiatur
1064 1681 1181 1716 mos,
1214 1670 1284 1721 qui
1309 1668 1393 1710 Ga-

255 1744 376 1786 dibus
419 1742 626 1789 obtinuit,
672 1741 742 1781 ubi
781 1751 883 1793 aqua
915 1738 1078 1792 pluviae
1105 1740 1280 1793 primum
1304 1737 1393 1779 col·

255 1814 364 1855 lecta
399 1811 607 1864 epistomii
637 1822 715 1861 ope
743 1811 906 1863 cogitur
944 1809 1132 1858 effluere,
1177 1820 1222 1850 ut
1252 1809 1394 1850 cister-

255 1896 347 1924 nam
396 1884 540 1921 intrare
578 1889 781 1932 nequeat;
825 1878 991 1919 durante
1043 1888 1177 1920 autem
1227 1878 1391 1932 pluvia,

256 1953 388 1993 aditus
428 1951 476 1991 ad
501 1951 713 1992 cisternam
741 1948 930 2002 aperitur
953 1959 995 1990 et
1036 1961 1139 2004 aqua
1181 1948 1394 2004 colligitur

259 2022 309 2064 ab
337 2033 382 2061 ea
415 2020 550 2061 saltem
576 2031 689 2072 parte
717 2031 829 2072 pura.

320 2090 490 2144 Ventus.
550 2089 629 2131 Per
656 2089 694 2130 se
721 2101 834 2143 patet
859 2102 987 2144 aquae
1022 2101 1222 2142 vapores,
1267 2088 1393 2130 nubes

264 2159 483 2202 formantes
501 2190 514 2212 ‚
560 2171 667 2202 ortas
699 2170 750 2201 ex
780 2173 884 2215 aqua
918 2162 1104 2216 impura,
1135 2159 1396 2203 materia.ve—.

1323 2239 1393 2284 ge-
