1513 2734
530 178 785 241 (113²)¹

92 324 217 378 bique
260 321 554 374 informantes,
600 336 677 377 pro
727 320 981 365 orientalium
1032 322 1215 376 philoso-

91 395 271 449 phorum
315 395 500 445 ratione,
534 396 694 448 spiritus
722 394 951 449 plurimOS,
982 406 1004 433 a
1033 393 1130 434 Deo
1156 394 1217 434 su-

92 477 238 519 premo
269 475 460 518 tanquam
489 465 604 505 fonte
637 466 706 505 suo
741 475 999 512 emananteS,
1045 465 1219 505 eundem

94 534 210 577 illum
242 535 355 580 λόγον
399 534 599 575 finxerunt
638 534 835 575 Naturam
875 533 1073 587 quandam
1118 532 1215 574 Deo

93 605 337 658 proximam.
397 605 535 658 Atque
574 606 676 646 hanc
724 605 950 645 doctrinam
989 602 1111 643 Philo
1149 603 1221 657 Ju-

95 675 217 716 dacus
251 672 360 727 (Ι),
394 674 447 715 V.
479 674 528 715 F.
561 674 709 728 scripta
745 687 818 728 per
857 675 1121 729 allegoricam
1162 676 1222 714 in-

95 744 428 797 terpretationem
472 757 565 785 cum
593 743 804 784 Platonica
832 744 1095 797 philosophia
1124 757 1223 785 con-

91 814 286 869 jungens,
320 815 374 854 ita
403 814 641 863 exornavit,
671 825 717 854 ut
741 825 782 855 et
811 827 914 868 quae
946 829 967 855 a
996 814 1220 856 Salomone

95 883 145 924 de
186 883 378 937 sapientia
412 883 548 924 divina
576 882 810 932 dicuutur,
851 895 891 924 et
921 897 1022 937 quae
1050 898 1072 924 a
1097 884 1222 925 Mose

99 954 330 994 tribuuntur
358 952 488 994 verbo
518 951 686 1003 divino,
720 955 857 994 omnia
884 955 1115 1007 procreanti
1133 984 1145 1001 ,
1179 953 1228 993 il-

96 1022 135 1064 le
152 1034 192 1064 et
211 1023 531 1077 intelligentiae
559 1034 599 1063 et
623 1024 746 1066 verbi
772 1026 983 1065 notionem
1006 1037 1088 1064 uno
1110 1037 1226 1064 eom-

97 1094 243 1148 plexus
273 1099 337 1134 τοῦ
362 1094 476 1139 λόγου
503 1093 737 1144 vocabulo,
774 1094 880 1135 hunc
908 1096 1020 1140 λόγον
1045 1092 1227 1147 appella-

98 1175 160 1205 ret
203 1165 340 1205 mundi
384 1165 687 1214 ordinatorem,
736 1163 820 1206 Dei
864 1166 1111 1219 imaginem,
1151 1163 1225 1216 qui

98 1236 397 1288 antiquisfimus
426 1234 599 1288 supremi
629 1234 758 1276 Patris
789 1235 895 1276 filius
939 1246 980 1276 et
1020 1235 1230 1289 primoge-

51 1355 54 1359 .
101 1306 210 1346 nitus
236 1305 369 1353 esset,
400 1303 560 1346 Patrem
578 1335 591 1354 ,
623 1318 743 1358 quam
771 1307 949 1358 primum
977 1305 1081 1345 esset
1116 1303 1230 1357 geni-

103 1387 196 1425 tuS,
227 1377 283 1416 ita
314 1375 522 1424 imitatus,
553 1386 599 1416 ut
639 1375 822 1428 perfecta
859 1375 948 1430 ejus
986 1373 1235 1426 exemplaria

102 1448 266 1487 intuens
290 1445 341 1486 ad
367 1445 513 1487 horum
542 1445 843 1487 similitudinem
875 1447 1012 1487 omnia
1038 1444 1233 1484 informa-

104 1528 196 1566 ret,
228 1518 382 1578 quique
414 1528 546 1569 neque
592 1518 796 1570 ingenitus
840 1516 945 1557 esset
983 1516 1044 1555 uti
1085 1513 1230 1562 Deus,

107 1599 184 1628 nec
227 1588 387 1641 genitus
427 1587 486 1626 uti
528 1586 743 1635 homines,
787 1586 855 1627 sed
896 1588 1001 1626 inter
1034 1596 1233 1637 utrosque

106 1658 290 1705 medius,
324 1655 512 1697 vsummus
553 1655 693 1696 mundi
736 1655 956 1702 Pontifex,
995 1665 1117 1707 quem
1148 1664 1232 1693 tan·

116 1739 237 1783 quam
266 1725 404 1766 Deum
433 1723 719 1777 conspiciant,
750 1727 822 1778 qui
852 1725 1080 1777 supremum
1116 1723 1234 1763 illum

109 1796 339 1851 intelligere
367 1807 450 1836 non
499 1794 693 1847 possunt,
737 1796 796 1835 uti
838 1794 932 1834 solis
972 1794 1109 1835 radios
1151 1804 1235 1833 tan-

110 1881 230 1921 quam
260 1865 388 1921 solem
421 1875 698 1915 contuentur,
731 1866 802 1918 qui
840 1861 926 1906 non
964 1864 1135 1918 possunt
1173 1865 1235 1918 ip-

114 1939 199 1980 sum
227 1936 353 1979 solem
384 1937 545 1978 intueri.

1150 1990 1239 2034 IIae

159 2063 223 2110 (1)
249 2064 457 2107 Philonis
486 2065 587 2108 oper.
618 2065 660 2100 T.
698 2066 725 2107 I.
751 2061 832 2096 edit.
858 2063 933 2097 Th.
954 2062 1170 2103 Mangey,
1199 2072 1233 2104 p.

116 2134 160 2166 4,
183 2123 226 2162 6,
252 2133 294 2166 7,
311 2131 402 2164 414,
426 2117 513 2162 5017,
539 2131 625 2166 502,
649 2116 828 2164 656'a11bi.
875 2120 1055 2153 Caeterum
1076 2111 1137 2160 pio
1161 2128 1241 2152 cou-

118 2179 188 2214 filio
211 2180 276 2222 ipse
304 2177 414 2211 editor
438 2178 544 2220 praef.
575 2189 609 2221 p.
638 2189 671 2221 9.
699 2179 769 2220 sqq.
800 2175 899 2209 fidem
932 2174 1174 2216 orthodoxam,
1207 2184 1245 2209 ut

125 2237 195 2278 ait,
219 2234 262 2269 de
288 2234 404 2269 Verbo
428 2243 566 2268 aeterno
588 2245 606 2269 e
633 2235 778 2269 Philonis
802 2233 930 2277 scriptis
951 2232 1196 2268 demonstravit.

661 2292 702 2334 H
