1513 2734
474 214 697 273 (35)

537 354 646 411 §v.

191 493 397 551 Quomodo
417 495 684 552 praesumtio
710 496 995 557 construatur.

88 674 93 676 ,
145 635 270 678 Circa
294 647 487 690 quaenam
519 639 698 681 versetur
713 641 982 694 praesumtio,
1014 637 1092 680 sol-
1134 635 1302 670 sementi*

88 703 201 748 licite
225 719 430 759 exponere
459 707 530 747 fibi
557 710 805 763 proposuere
828 713 1091 764 interpretes,
1106 682 1280 760 {2³5¹}ss

87 788 211 831 atque
252 778 357 817 inter
384 785 456 818 eos
487 781 668 820 omnium
699 782 828 834 priori
852 781 951 822 loco
987 778 1096 820 Me-
1111 771 1214 850 mod?

89 860 196 889 noc
214 848 372 896 hius,
418 848 599 890 docens:
644 879 672 902 ,‚
704 848 815 890 sedes
844 862 886 890 et
915 850 1037 898 loca,
1075 826 1272 894 εξῑῖῑῗρῗιὲῃ-

89 945 118 972 ‚‚
150 919 296 972 quibus
324 919 417 959 duci
446 930 487 958 et
514 919 565 959 ad
592 933 695 973 quae
725 920 866 962 referri
896 920 1099 974 praesum,
1113 907 1305 986 ffi'stfflen·

91 1018 119 1042 ,‚
152 990 283 1029 tiones
313 989 494 1041 possint,
525 988 609 1028 esse
637 990 848 1042 personam
866 1017 879 1038 ,
911 988 1067 1029 causam
1085 1018 1099 1036 ‚

90 1088 120 1112 „
150 1058 328 1109 factumg
359 1058 543 1114 dictum,
575 1070 656 1100 nou
688 1061 871 1107 factum,
901 1071 984 1099 non
1013 1059 1100 1099 dic-

93 1127 121 1183 ‚j
154 1143 270 1179 tumg
302 1129 438 1182 quoad
464 1129 676 1181 personam
709 1142 807 1170 vero
834 1129 1101 1182 praesumtio-

93 1226 122 1253 „
152 1209 245 1240 n'em
286 1199 432 1240 versari
473 1201 583 1240 circa
625 1200 794 1250 decem,
840 1212 943 1253 quae
973 1199 1101 1253 vulgo

93 1300 123 1325 ‚,
153 1272 371 1319 dicuntur,
430 1270 783 1324 praedicamenta”
813 1269 838 1324 <
847 1269 909 1323 1).
986 1268 1101 1310 Haec

95 1344 232 1383 omnia
257 1341 382 1394 paulo
409 1340 551 1381 latiore
586 1340 861 1394 explicatione
889 1340 1101 1395 indigent,

95 1425 269 1465 eumque
312 1412 359 1451 in·
393 1410 514 1451 finem
555 1410 712 1465 regulas
765 1411 815 1452 ad
853 1423 988 1464 partes
1030 1424 1104 1451 vo-

94 1483 306 1531 cabimus,
351 1494 449 1534 quas
491 1480 566 1522 hac
610 1482 727 1534 super
770 1493 813 1521 re
854 1482 1104 1521 recentiores

94 1540 334 1607 philosophi
361 1552 667 1606 excogitarunt.

98 1651 104 1655 -
153 1623 349 1665 Probatio
393 1633 455 1662 est
480 1621 705 1675 applicatio
733 1623 927 1676 principii
954 1620 1022 1662 seu
1048 1620 1106 1661 le·
1143 1623 1320 1678 Dee-prae-

98 1697 158 1750 gis
186 1694 392 1748 eujusdam
423 1691 664 1744 generaliter
687 1693 838 1743 politae
874 1692 923 1732 ad
950 1703 1105 1732 certum
1119 1668 1310 1749 fflffissffigfl,

98 1765 274 1817 aliquem
304 1761 463 1804 casum:
497 1773 590 1801 cum
619 1761 726 1801 enim
742 1762 808 1810 id,
841 1774 925 1814 quo
940 1761 990 1801 ad
1005 1774 1101 1814 pro-
1117 1766 1165 1793 t0·

99 1837 305 1876 bationcm
322 1833 578 1885 pervenimus
594 1861 606 1880 ,
639 1842 794 1872 certum
809 1830 965 1885 aliquid
978 1843 1018 1872 et
1033 1844 1102 1871 ve-

99 1919 184 1947 rum
204 1906 275 1952 sit,
308 1903 507 1956 sequitur,
533 1902 818 1955 probationem
833 1900 917 1941 esse
932 1900 1104 1942 conclu-

101 1977 252 2016 fionem
276 1973 488 2015 extalibus
515 1973 740 2025 praemisfis
757 2002 769 2021 ,
801 1984 976 2025 quorum
1005 1985 1104 2012 con-

101 2047 265 2088 trarium
294 2037 425 2085 rerum
453 2053 616 2083 naturae
654 2053 878 2097 repugnat,
920 2041 1105 2095 adeoque

101 2130 151 2175 ex
160 2116 378 2172 principio
394 2145 406 2164 ‚
430 2126 497 2156 aut
517 2115 637 2169 lege3
661 2124 801 2154 contra
829 2112 1075 2167 praesumtio
1092 2142 1106 2162 ‚

1005 2195 1107 2237 quae

150 2262 212 2311 ξι)
235 2267 294 2309 Op.
318 2264 406 2299 laud.
431 2262 525 2298 Libr.
547 2264 575 2297 1.
598 2269 727 2305 quaest.
755 2269 792 2304 13
822 2259 893 2303 sqq.

561 2320 598 2362 C
632 2335 656 2362 2
