1513 2734
616 131 843 191 (Η)

160 275 236 314 ties
250 271 455 320 volueriS‚
488 270 653 326 probari
670 279 820 324 potest.
881 267 1097 309 Nostrates
1124 267 1229 310 Pae
1245 283 1292 313 ts

159 355 261 384 van
293 341 653 394 Troostwyk
697 351 737 380 et
765 339 1002 380 Deiman
1046 341 1168 394 primi
1205 340 1294 381 fue-

158 424 280 462 runt,
327 413 396 466 qui
435 412 635 465 analytica
662 412 847 466 tatione,
891 410 1155 452 scintillarum
1184 409 1294 452 elec-

159 484 348 523 tricarum
379 487 489 536 ope,
520 484 640 536 ipfius
661 493 785 534 aquae
819 482 1158 534 compofitionem
1197 495 1295 535 pro·

160 552 327 602 barum,
371 552 587 593 affirmante
623 551 825 600 volta,
872 551 1064 593 columna
1099 551 1166 593 sua
1194 550 1294 594 Gal-

159 624 298 664 vanica
327 622 466 676 adjuto
498 619 592 676 (1).
1259 629 1265 632 ”

216 692 380 747 Quibus
410 693 547 745 itaque
574 691 764 733 omnibus
778 691 937 732 abunde
953 691 1130 742 constat,
1151 703 1297 745 aquam

159 763 354 815 componi
393 773 444 802 ex
488 762 682 815 oxygenii
725 761 907 813 partibus
951 762 1050 815 88‚9
1075 774 1116 803 et
1145 761 1298 814 hydro-

158 832 267 886 genii
304 843 392 880 11‚1
415 860 428 879 ‚
459 831 641 884 pondera
667 830 692 870 fi
722 830 880 884 spectes
897 859 909 879 ‚
942 841 1062 883 atque
1089 841 1141 870 ex
1172 844 1195 872 2
1222 843 1298 871 vo-

157 899 378 940 luminibus
405 899 648 955 hydrogenii
673 912 714 941 et
750 915 764 942 1
796 902 1016 956 oxygenii,
1049 900 1186 954 quod,
1219 913 1299 955 qua

157 972 315 1011 ratione
351 969 553 1021 analytica
581 982 622 1011 et
651 971 877 1023 synthetica
905 971 1132 1025 probetur,
1163 971 1299 1013 ubivis

157 1041 374 1080 invenitur.

217 1108 334 1150 Hanc
366 1110 490 1163 igitur
515 1122 592 1162 pro
621 1112 732 1151 omni
759 1124 863 1164 aqua
899 1111 1198 1164 principiorum
1237 1122 1300 1151 re-

159 1179 352 1220 lationem
383 1179 637 1220 assumsimus
668 1179 945 1231 constantem,
977 1192 1174 1235 quatenus
1199 1179 1300 1222 huc·

159 1260 286 1300 usque
314 1249 501 1292 conditio
529 1259 590 1287 est
619 1248 822 1292 scientiae.

205 1369 268 1415 (1)
294 1372 534 1416 Experimenta
561 1381 639 1405 tunc
669 1372 830 1414 temporis
863 1371 1006 1407 instituta
1035 1383 1070 1409 et
1099 1375 1303 1410 observatio-

160 1438 220 1461 nes
245 1430 346 1462 factas
363 1453 373 1470 ,
396 1428 435 1466 ad
462 1429 660 1472 probandam
677 1438 745 1462 ,aut
762 1429 940 1472 negandam
967 1430 1050 1463 hanc
1068 1437 1181 1473 ’aquae
1211 1423 1305 1467 coin.

159 1476 379 1528 politionem,
415 1495 570 1520 accurate
615 1487 749 1520 omnino
779 1487 931 1531 exposuit
974 1488 1063 1523 Clar.
1091 1480 1178 1522 ⁴olim
1210 1489 1303 1524 Che-

163 1541 247 1574 miae
273 1542 445 1576 Professor
473 1543 514 1576 A.
539 1544 575 1577 P.
605 1544 640 1577 N
654 1554 671 1576 a
686 1544 706 1577 h
722 1555 743 1577 u
758 1555 780 1587 y
795 1556 810 1578 s
825 1570 835 1585 ,
870 1545 902 1579 in
921 1544 1156 1588 Dissertatt'one
1179 1544 1304 1579 Chemi·

159 1604 225 1639 ια’,
248 1599 286 1631 de
311 1609 418 1642 aquae
439 1603 581 1642 origine,
603 1612 646 1635 ex
659 1602 779 1646 bafibus
799 1605 884 1638 aeris
890 1605 971 1647 puri
992 1611 1025 1637 et
1039 1602 1277 1647 inflammabilis
1289 1628 1303 1646 ,

156 1651 259 1697 speum
281 1656 416 1695 invicem
439 1657 644 1700 carminum,
668 1658 817 1703 Trajecti
843 1657 883 1692 ad
910 1658 1070 1695 Rhenum
1090 1659 1192 1707 Ὶ1789.

1154 2244 1299 2290 PARS
