1513 2734
494 112 745 190 (ως)

124 274 300 318 cundum
337 273 650 315 matrimonium.
712 272 781 314 De
821 266 1117 324 interpretandi

122 358 222 387 vero
264 344 367 401 legis
405 356 539 386 mente
576 342 712 398 quoad
751 342 978 384 nullitatem
1016 353 1118 382 con-

80 416 326 458 '‘venti0nis
369 415 577 456 videantur
616 414 864 455 recentiores
900 412 1119 465 scriptores

122 485 277 528 Gallici
307 487 347 526 in
374 498 526 539 opere,
560 487 625 527 cui
656 483 796 525 titulus
822 493 883 523 est
920 480 1118 531 lee‘mis,

122 569 174 599 ou
199 555 498 612 Bibliothdque
525 558 574 597 de
590 553 949 611 Jztrisprudence.

551 695 575 749 ς
607 693 681 736 lx.

122 835 193 879 De
223 833 613 893 praesumtionibus
649 834 768 889 juris
812 844 853 877 et
902 835 952 877 de
988 836 1120 890 jure,

151 920 338 962 quarum
364 907 534 949 ratione
562 906 634 947 lex
661 905 844 959 denegat
869 906 1094 949 actionem.

182 1046 235 1088 II.
266 1045 409 1098 Altera
445 1046 601 1100 species
642 1045 987 1099 praesumtionum
1023 1046 1126 1101 juris

123 1127 166 1156 et
215 1116 265 1157 de
319 1117 409 1171 jure
453 1116 745 1171 complectitur
795 1129 936 1159 omnes
955 1147 968 1167 ‚
1027 1128 1125 1170 qua-

123 1198 213 1227 rum
249 1197 297 1227 ea
348 1188 409 1227 vis
443 1198 536 1239 est,
593 1199 638 1228 ut
679 1187 747 1228 lex
787 1186 959 1243 deneget
997 1187 1128 1228 actio-

123 1268 242 1297 nem:
274 1257 323 1298 de
352 1256 502 1311 quibus
527 1257 603 1298 hssc
631 1258 656 1310 S
684 1269 952 1311 exponemus.

181 1326 360 1382 Quando
389 1338 522 1368 autem
548 1325 682 1368 rursus
725 1330 960 1381 quaeritur,
1003 1338 1126 1382 quae·
1163 1322 1317 1376 qulegis

123 1409 216 1438 nam
253 1398 299 1439 fit
341 1397 459 1451 hujus
488 1396 764 1449 dispofitionis
806 1398 950 1449 causa,
989 1398 1058 1440 hie
1087 1378 1281 1438 iuratione.

125 1468 261 1522 specie
303 1480 350 1509 ea
377 1469 514 1509 omnia
543 1465 676 1508 valere
717 1467 894 1516 debent,
935 1481 1045 1522 'quae
1086 1470 1130 1509 in

124 1550 272 1595 genere
309 1538 360 1579 de
398 1539 554 1578 ratione
585 1536 934 1589 praesumtionum
961 1540 1062 1594 J‘uris
1089 1548 1134 1577 et

124 1609 176 1650 de
214 1610 305 1663 Jure
326 1608 462 1660 (supra
504 1608 735 1649 monuimus
765 1608 1005 1663 (1)eoque
1049 1620 1132 1648 ma-

125 1681 219 1736 gis,
251 1691 336 1733 quo
365 1679 497 1718 minus
523 1674 593 1718 hic
607 1681 777 1732 proprie
793 1680 977 1720 distincta
991 1679 1133 1719 harum

126 1749 474 1804 praesumtionum
519 1746 674 1800 species
725 1752 919 1791 occurrit.
982 1748 1136 1790 Obser-

128 1820 303 1862 vandum
335 1821 471 1869 enim,
501 1831 588 1860 non
617 1830 683 1860 eas
712 1831 864 1861 tantum
891 1819 960 1861 hic
990 1818 1134 1860 referri
1191 1845 1195 1848 -

127 1890 448 1946 praesumtiones
470 1891 571 1945 juris
597 1901 639 1930 et
666 1891 715 1931 de
740 1891 857 1945 jure,
889 1903 1056 1944 quarum
1070 1903 1133 1930 ra-

131 1962 244 2003 tione
281 1961 435 2002 disertis
475 1960 610 2002 verbis
635 1962 746 2002 actio
772 1961 1021 2016 denegatur,
1065 1958 1135 2000 sed

134 2044 276 2075 omnes
320 2031 434 2074 fimul
492 2042 676 2084 ceteras,
721 2044 823 2087 quae
868 2032 989 2075 tacite
1028 2030 1134 2072 hanc

1064 2112 1132 2142 ac·

181 2176 245 2224 (1)
267 2177 345 2214 Vid.
369 2179 389 2222 §
411 2178 455 2214 V.
