1513 2734
171 153 213 187 Χ

173 291 249 323 tur
262 312 278 333 ‚
320 290 450 338 atque
482 279 590 324 baec
616 280 761 323 omnia
789 279 950 323 idoneis
975 277 1180 334 exemplis
1200 285 1303 334 pas-

165 363 246 419 fim
275 365 564 407 illustrentur.

358 525 749 586 QUAESTIO
791 524 1116 572 MEDICA.

227 691 574 751 Quandoquidem
627 694 784 736 nostris
832 691 1090 747 temporibus
1129 689 1299 734 hirudi-

164 791 266 822 num
296 776 390 834 usus
418 779 462 820 in
491 777 702 820 medicina
741 776 843 819 adeo
881 775 1092 824 invaluit,
1124 785 1172 816 ut
1191 774 1300 816 mul·

163 861 203 903 ti
218 862 412 915 practici
438 873 589 904 earum
617 860 946 915 applicationem
972 859 1174 916 generali
1195 856 1298 913 san-

156 944 304 999 guinis
333 943 642 985 detractationi
662 941 900 999 praeferre
923 942 1184 992 videantur·‚·
1214 941 1299 983 alii

157 1037 257 1067 vero
275 1027 530 1079 posterioris
552 1026 845 1068 evacuationis
875 1024 1072 1068 honorem
1102 1024 1296 1066 vindica-

157 1120 209 1149 re
228 1115 452 1163 pergant.-
483 1109 742 1165 quaeritur,
775 1121 987 1163 quaenam
1016 1106 1173 1149 lzarum
1197 1103 1294 1161 sen·

156 1191 395 1232 tentiarum
421 1191 610 1233 maxime
630 1187 780 1244 solidis
807 1188 1292 1245 innitatur-fundamen-

157 1273 244 1323 tis,
276 1273 517 1327 imprimis,
563 1273 816 1330 quibusnam
848 1273 895 1316 in
922 1272 1082 1329 cafibus
1109 1286 1292 1328 genera-

154 1356 210 1397 lis
228 1353 459 1412 sanguinis
488 1357 710 1398 evacuatio
739 1357 894 1415 locali,
936 1367 1015 1399 aut
1044 1356 1190 1399 localis
1216 1340 1302 1412 ge-’

152 1440 299 1482 nerali
314 1471 328 1490 ‚
350 1437 648 1495 praeferenda
665 1439 734 1495 sit.

271 1601 664 1659 QUAESTJO
715 1604 1170 1649 LITERARIA.

211 1767 354 1824 Quam
383 1771 467 1813 vim
506 1772 554 1815 in
594 1772 730 1815 vitam
758 1771 1052 1815 Romanorum
1089 1772 1282 1814 domesti-

151 1865 251 1894 cam
286 1852 477 1896 habuere
520 1855 727 1897 victoriae
769 1856 818 1897 de
857 1856 1135 1905 Tarentinis,
1189 1867 1281 1899 tum

150 1936 282 1977 etiam
311 1936 360 1977 de
392 1936 606 1980 Graeciae
621 1939 791 1993 populis
820 1949 862 1981 et
894 1940 944 1981 de
973 1939 1278 1984 Macedonibus

145 2018 430 2073 reportatae?

322 2126 1088 2148 ‘rr—w

199 2195 277 2238 Ad
299 2209 405 2254 quas
431 2197 751 2257 respondentum
773 2201 863 2246 erit
889 2213 933 2247 a.
958 2200 1000 2243 d.
1022 2213 1086 2243 10.
1108 2200 1273 2244 Ianua·

1208 2296 1271 2325 ru
