1513 2734
707 186 934 241 (80)

255 338 354 376 um,
394 326 444 367 ad
481 325 586 386 idem
612 336 809 377 punctum
830 339 832 341 ’
852 328 1056 381 agentium
1073 357 1086 375 ‚
1133 339 1314 379 quarum·
1331 327 1389 367 di-

254 398 457 439 rectiones
483 396 523 434 in
554 394 697 435 eodem
726 394 849 448 plano
878 397 964 438 sunt
990 398 1171 450 positae,
1207 398 1392 452 subjecta

253 479 329 509 est.
360 465 610 520 (Videantur
632 464 902 509 ΑΝΝοΤΑΤιο
931 466 1035 519 IV.)

724 605 879 660 v§IL

258 748 329 791 De
368 743 648 802 compositione
691 755 733 786 et
772 745 1031 801 aequilibrio
1074 746 1396 802 quamplurium

344 819 534 867 virium,
580 816 639 858 ad
678 813 848 870 diversa
881 824 1048 870 puncta
1073 817 1310 871 agentimn.

313 955 393 999 ΙΙΙ.
426 957 733 1008 'Concipiamus
779 954 936 1007 aliquot
979 958 1112 1004 vires,
1159 958 1199 996 in
1240 956 1396 1008 spatio,

260 1038 507 1081 quocunque
544 1026 697 1074 modo,
745 1025 794 1065 ad
831 1025 983 1065 diversa
1025 1037 1175 1077 puncta
1211 1028 1399 1078 corporis

261 1100 327 1140 seu
360 1108 579 1149 corporum
607 1096 829 1148 systematis
857 1107 1051 1148 agentes3
1099 1097 1158 1136 ita.
1183 1107 1228 1137 ut
1262 1107 1398 1137 earum

261 1155 508 1209 directiones
523 1168 562 1205 in
580 1165 709 1219 planis
726 1164 886 1206 diversis
915 1165 989 1205 fint
1018 1162 1183 1217 pofitae'.
1216 1185 1251 1194 ·—
1281 1164 1400 1220 Quo-

260 1240 366 1282 niam
407 1237 530 1291 igitur
569 1236 642 1275 hae
686 1235 931 1274 directiones
973 1246 1169 1288 nusquam
1201 1237 1399 1275 conveni-

261 1301 360 1355 ant,
403 1294 538 1346 sn'nssis
573 1294 825 1357 'compofitio
856 1303 1148 1354 Geometrica‚
1191 1315 1313 1357 atque
1358 1306 1400 1344 in

262 1377 455 1418 Sectione
485 1375 517 1417 I.
554 1375 660 1427 Cap.
701 1373 754 1414 ΙΙ.
784 1375 874 1414 Art.
904 1387 974 1427 9.,
1019 1374 1090 1416 hic
1131 1374 1280 1414 institui
1314 1387 1399 1416 non

260 1458 398 1500 potest
415 1450 435 1492 ’,-
473 1457 541 1494 et,
587 1445 656 1486 nifi
697 1443 1003 1485 transformatur
1042 1445 1188 1485 virium
1226 1444 1401 1496 systema

258 1518 301 1557 in
327 1517 461 1566 aliud,
505 1514 816 1569 compositionis
844 1516 1045 1568 principia
1085 1526 1126 1555 et
1167 1514 1401 1568 aequilibrii

260 1587 519 1628 conditiones
561 1585 759 1637 analytice
805 1586 859 1625 ita
901 1584 1073 1625 statuere.
1122 1597 1203 1625 non
1256 1583 1398 1637 possu-

262 1670 379 1706 mus,
411 1654 751 1710 quemadmodum
780 1655 930 1695 ibidem
960 1654 1049 1694 Art.
1086 1667 1129 1694 11
1170 1655 1258 1707 sqq.
1302 1653 1403 1694 feci-

262 1740 364 1768 mus.
426 1726 534 1766 Inter
561 1738 701 1766 onmes
739 1724 962 1777 systematis
1001 1725 1401 1773 transformationes,

260 1797 338 1838 illa,
363 1796 652 1850 finiplicisfima
691 1795 874 1843 videtur,
921 1807 1012 1847 qua,
1039 1796 1183 1835 virium
1219 1796 1402 1834 omnium

263 1868 535 1915 directiones,
578 1865 765 1906 eumdem
815 1865 928 1906 fi'tum
981 1864 1193 1906 relativum
1248 1865 1404 1917 accipi-

262 1949 347 1978 unt.
380 1957 424 1963 —
455 1936 511 1977 Et
533 1949 623 1977 cum
656 1936 739 1988 ipsa
768 1935 867 1975 haec
912 1934 1213 1975 transformatio
1253 1933 1404 1974 institui

262 2020 462 2062 nequeat,
494 2007 563 2048 nifi
589 2005 681 2059 ipfis
718 2006 872 2046 viribus
909 2002 1279 2058 decomponcndis,
1311 2016 1403 2056 per·

263 2078 569 2132 spicuumest‚2
589 2077 756 2130 scopum
772 2088 847 2117 nos
872 2078 1094 2131 attingere,
1131 2075 1156 2115 si
1189 2086 1330 2114 omnes
1343 2076 1403 2114 vi-

262 2160 326 2188 res
370 2150 424 2188 ita
465 2149 847 2200 decomponuntur,
892 2158 935 2188 ut
978 2159 1112 2187 earum
1154 2145 1402 2185 directiones

262 2219 368 2259 inter
409 2217 449 2259 se
487 2218 582 2265 fiant
619 2217 846 2272 parallelae.
879 2239 925 2248 —
955 2217 1203 2272 Cogitentur
1228 2227 1317 2256 eam
1347 2214 1402 2254 ob

1308 2297 1400 2325 cau-

1488 2677 1489 2689 i

1488 2698 1490 2720 1
