1513 2734
733 132 953 189 (32)

292 272 350 314 cri
379 271 509 325 ardori
538 271 635 312 boni
667 272 928 325 investigatio
956 269 1154 311 successit.
1242 268 1411 311 Doctri-

290 366 360 395 nas
401 356 571 396 maxime
593 340 816 394 tractarunt
841 353 982 405 proavi
999 382 1011 401 ‚
1055 352 1239 405 sequenti
1262 364 1406 392 aetate.

286 435 374 490 Jam
405 450 500 477 vero
528 437 796 477 doctrinarum
825 435 1116 487 systematicam
1144 437 1338 475 rationem
1367 436 1409 474 iu

288 531 391 559 artes
421 519 702 559 transtulerunt
737 529 775 557 et
804 518 941 570 poe'fin
972 517 1086 557 adeo.
1144 517 1297 565 ‚Vemm
1340 529 1409 556 ex-

286 601 466 642 stiterunt
509 600 582 641 illo
625 601 782 641 demum
813 612 939 648 aevo,
983 601 1051 652 qui
1092 599 1410 641 defiderabantur

288 683 416 732 olim,
470 683 658 736 stupende}
715 670 941 724 eruditione
992 681 1286 722 doctrinarum
1340 693 1408 734 pa-

286 767 416 806 troni:
503 765 708 814 Venema,
779 765 1049 813 Boerhavius,
1120 763 1407 804 Swammerda-

285 849 416 897 mim,
476 847 746 888 Schultenfius
808 859 1004 900 uterque,
1064 845 1407 895 Hcmsterhufius,

285 929 375 970 Ten
424 919 592 978 Katius,
651 930 812 970 maximi
861 929 1092 969 continuat&
1147 929 1245 969 serie
1304 928 1406 968 Viri.

285 1010 341 1052 Et
395 1013 575 1063 quamvis
629 1010 831 1062 polemica
883 1022 924 1050 et
962 1010 1124 1050 horrida
1166 1011 1281 1062 saepe
1319 1010 1405 1050 fue-

282 1095 335 1134 rit
359 1093 479 1134 ‘illius
519 1093 605 1132 aevi
655 1090 966 1146 Theologorum
1023 1091 1290 1145 plurimorum
1346 1106 1405 1133 ra-

281 1177 370 1224 ti03
416 1174 614 1215 indefesso
671 1174 790 1214 iidem
848 1174 988 1214 ardore
1013 1185 1071 1214 ret
1115 1174 1265 1216 laboris
1301 1177 1405 1229 pati-

278 1259 385 1299 entifi
414 1259 454 1297 in
495 1256 597 1309 ipsas
636 1257 919 1309 inquisiverunt
953 1257 1188 1307 doctrinas3
1233 1258 1282 1298 ad
1311 1257 1402 1298 fon-

279 1351 337 1381 tes
389 1341 600 1393 primarios
651 1350 931 1392 penetrantes,
979 1352 1146 1393 operum
1198 1339 1404 1380 volumina

277 1423 543 1464 condiderunt
573 1421 810 1476 Theologi,
856 1423 896 1462 in
925 1423 1099 1475 quibus,
1145 1422 1243 1462 licet
1271 1422 1402 1463 forma

275 1505 460 1560 neglecta
489 1505 560 1552 fit,
603 1504 700 1557 quid
728 1503 921 1557 praestet,
967 1503 1155 1554 dubites,
1187 1505 1396 1545 doctrinae

275 1589 396 1641 copia
426 1599 466 1628 et
493 1587 694 1637 eruditio,
725 1600 774 1627 an
802 1599 898 1628 vero
929 1586 1119 1641 stupenda
1146 1587 1298 1628 laboris
1324 1601 1395 1642 pa·
1439 1604 1447 1607 ·

277 1671 426 1710 tientia.
1056 1663 1059 1668 ’

334 1751 492 1794 Nostro
519 1752 676 1794 demum
705 1764 888 1806 tempore
922 1753 1139 1807 coniuncta
1167 1753 1366 1793 cernimus
1383 1782 1397 1802 ,

275 1847 377 1888 quae
412 1836 570 1888 utrique
605 1837 722 1875 aetati
760 1834 984 1889 singulatim
1013 1834 1174 1876 fuerunt
1218 1837 1396 1889 propria.

277 1917 384 1957 Inest
426 1917 638 1971 Belgarum
687 1919 795 1972 genti
837 1917 970 1971 pulcri
1025 1929 1065 1957 et
1119 1919 1275 1958 venusti
1319 1917 1395 1958 stu-

277 2001 412 2049 dium,
445 2013 536 2040 cum
567 2002 650 2052 pari
680 2001 942 2054 conjunctum
973 2011 1012 2040 et
1041 2000 1137 2040 boni
1169 2001 1305 2041 otveri
1337 2013 1397 2042 ar-

274 2082 384 2122 dore.
470 2081 612 2122 Aetate
637 2082 723 2123 ·hac
773 2083 909 2124 nostr-3.
953 2073 1034 2122 uon
1075 2081 1274 2135 separatae
1315 2086 1403 2123 nia—'

275 2175 398 2214 nent,
441 2176 507 2204 aut
536 2165 671 2218 inepte
695 2165 995 2219 conjunguntur
1023 2176 1062 2205 et
1090 2175 1193 2206 artes
1225 2176 1264 2205 et
1293 2164 1391 2205 doc-

1325 2248 1391 2286 tri-
