1513 2734
689 143 730 198 .-(
791 147 840 188 18
901 142 926 198 )

244 293 347 345 quae
377 290 423 331 fit
452 288 582 329 minus
608 286 806 337 obscura,
851 298 919 327 aut
947 285 1062 339 plura
1089 270 1179 326 suae
1204 283 1388 338 praesen-

208 358 212 362 *
245 375 322 414 tiae
339 403 352 420 ‚
379 383 497 425 atque
528 371 779 411 exsistentiae
808 369 999 423 praebeat
1027 369 1271 410 documenta
1288 364 1386 420 (a).

301 456 358 496 At
374 468 497 504 vero,
531 453 642 507 quod
667 455 707 493 in
735 456 881 521 nostra.
902 453 1017 493 causa
1047 452 1231 505 inprimis
1260 461 1389 490 atten-

243 536 414 578 dendum
446 548 535 586 est,
568 537 750 577 inomni
780 535 1083 589 disciplinarum
1114 535 1389 587 comparatio·

242 632 322 671 ne,
353 633 399 661 ea
424 621 512 661 sunt
541 619 837 671 comparanda,
870 631 972 672 quae
1000 617 1295 671 suntejusdem
1320 628 1390 671 ge.-

241 706 363 744 neris.
453 703 529 743 Ita¹
551 703 752 755 principia
785 714 876 742 cum
911 702 1157 755 principiiS‚
1201 712 1247 743 ea
1286 711 1393 752 quae

241 787 304 827 his
334 787 546 839 principiis
575 775 829 831 efficiuntur}
873 784 951 824 alia
983 794 1093 825 cum·
1118 782 1207 823 aliis
1247 781 1390 824 confe-

239 869 360 912 renda
405 870 505 909 sunt.
581 868 639 909 Ut
677 867 980 921 Psychologiae
1025 867 1283 919 >principium
1329 875 1393 905 est

240 952 438 998 animus,
471 952 525 991 ita
556 949 749 1002 Phyficae
776 950 966 990 materia
1001 960 1093 997 est;,
1125 959 1170 988 ut
1207 942 1391 999 Psycho—

239 1034 350 1088 logia
379 1034 428 1074 de
456 1033 608 1082 animi,
640 1033 694 1072 ita
721 1031 892 1083 Physica
919 1031 968 1071 de
996 1031 1206 1079 materiei,
1239 1041 1390 1083 corpo-

238 1129 410 1175 rumque
453 1128 502 1156 ex
548 1116 712 1156 materia
768 1115 1088 1166 compofitorum
1128 1113 1388 1162 actionibus,

237 1199 533 1240 mutationibus
576 1209 616 1237 et
656 1196 940 1237 affectionibus
980 1197 1079 1250 agit.
1155 1194 1221 1235 Ad
1253 1195 1387 1247 expli-

238 1282 365 1324 canda
393 1282 672 1335 phaenomena
697 1278 916 1328 naturalia,
948 1278 1017 1319 illa
1040 1278 1214 1319 diversas
1242 1278 1386 1327 animi,

1282 1360 1386 1402 haec

284 1444 350 1491 (a)
375 1446 467 1486 Vere
496 1445 590 1479 Cic
606 1453 624 1477 e
640 1453 656 1476 r
671 1453 693 1477 ο
721 1441 829 1487 (Tusc.
854 1443 948 1486 Disp.
973 1442 1002 1476 1.
1030 1439 1129 1484 29.):
1164 1466 1188 1485 ,‚
1211 1441 1259 1475 Ut
1287 1441 1388 1475 deum

238 1541 262 1560 ‚,
284 1515 394 1556 noris,
420 1514 478 1548 etsi
498 1514 568 1556 ejus
593 1514 724 1556 ignores
756 1521 790 1546 et
815 1514 926 1546 locum
952 1520 986 1545 et
1010 1512 1152 1552 faciem,
1178 1510 1222 1545 fic
1246 1512 1386 1547 animum

238 1611 261 1629 „
285 1585 345 1618 tibi
369 1593 484 1617 notum
527 1584 596 1617 esse
639 1591 802 1626 oportet,
842 1582 900 1616 etsi
931 1581 1002 1624 ejus
1029 1582 1162 1624 ignores
1205 1589 1240 1615 et
1275 1576 1407 1615 locum'

236 1679 260 1698 „
286 1663 321 1701 et
348 1653 510 1687 formam:
533 1661 571 1686 ut
598 1651 698 1685 deum
726 1652 874 1694 agnoscis
897 1662 940 1685 ex
965 1651 1122 1695 operibus
1147 1651 1218 1693 ejus
1233 1675 1244 1692 ‚
1267 1650 1310 1684 fic
1342 1661 1386 1685 ex

235 1713 260 1768 '‚,
283 1724 440 1757 memoria
466 1731 579 1755 rerum
605 1730 639 1755 et
661 1722 852 1754 inventione
884 1729 917 1755 et
947 1722 1120 1754 celeritate
1144 1729 1280 1761 motus,
1315 1730 1386 1753 om-

235 1783 259 1838 '„
281 1795 380 1837 nique
422 1791 669 1836 pulchritudine
712 1791 844 1824 virtutis
895 1791 962 1824 vim
1006 1789 1146 1823 divinam
1183 1791 1304 1824 mentis
1330 1791 1386 1833 ag·-
1424 1790 1427 1791 ’

236 1889 260 1907 „
283 1861 444 1907 noscito?
488 1863 615 1897 Verum
644 1861 728 1895 haec
757 1870 791 1895 et
819 1860 928 1895 similia
955 1869 1172 1903 argumenta,
1211 1869 1255 1894 ex
1292 1860 1386 1897 sensu

237 1932 406 1966 communi
433 1931 560 1974 petita,
591 1930 804 1983 ohsolescere
829 1929 995 1965 videntur.
1041 1931 1140 1963 Nova
1168 1929 1406 1974 quaeruntur·‘

236 2004 366 2037 Nostro
382 2010 533 2045 tempore
562 2000 768 2044 philosophia
795 2000 899 2033 minus
928 2000 1128 2033 imitatorum
1144 2025 1154 2041 ,
1185 2009 1283 2043 quam
1298 2009 1383 2033 nova

237 2080 273 2106 et
300 2071 462 2115 paradoxa
490 2070 721 2114 quaerentium
747 2070 840 2103 turba
864 2069 1000 2104 laborat.
1048 2070 1129 2103 Sunt
1165 2071 1222 2111 qui
1232 2086 1255 2110 ‚·
1276 2070 1383 2104 nubes

237 2143 365 2178 sublimi
383 2141 512 2174 vertice
543 2150 617 2173 cuin
643 2140 791 2181 feriunt,
816 2140 858 2173 ita
885 2140 946 2172 alta
961 2147 1073 2173 mente
1102 2139 1283 2182 despiciant
1310 2140 1384 2173 sen.

237 2213 303 2246 sum
322 2220 529 2245 com‘nunem
549 2235 558 2250 ‚
583 2218 620 2243 ut
651 2219 692 2242 eo
713 2210 782 2253 ipso
806 2218 922 2242 carere
952 2208 1138 2243 videantur.
1184 2208 1285 2253 Quod
1301 2218 1383 2243 con·

236 2284 409 2326 cupiscunt
435 2281 620 2323 acquirunt.
669 2280 722 2313 Ex
747 2278 858 2322 seipsi
887 2280 951 2313 nati
972 2279 1043 2313 esse
1072 2278 1239 2314 videntur.
