1513 2734
562 133 815 198 (175)

131 273 231 316 aliae
255 275 636 329 perpendiculareS,
667 289 787 331 atque
817 275 1009 318 lateribus
1036 278 1264 334 rectanguli

128 345 488 398 proportionales,
533 348 649 401 cujus
680 346 904 401 reetanguli
936 347 1160 402 diagonalis
1200 350 1263 402 ip-

128 416 155 456 fi
200 417 238 454 vi
277 416 394 456 ‘datae
434 418 758 470 proportionalis
791 429 874 458 est:
921 429 961 458 et
1006 417 1101 459 hinc
1147 431 1262 460 com-

126 487 276 538 positio
319 486 482 526 duarum
522 487 667 527 virium
706 486 1002 540 inaequalium,
1046 488 1116 529 sub
1159 502 1263 543 quo-

127 568 288 608 cunque
318 556 468 610 angulo
495 558 698 610 agentium
717 589 729 605 ‚
756 558 883 599 statim
911 558 1082 599 efficitur
1107 558 1205 612 (ι).

184 625 318 667 XLV.
351 626 396 668 In
427 639 477 665 eo
507 629 631 681 igitur
671 627 794 683 longe
837 627 1050 682 praecellit
1091 628 1262 670 demon-

125 696 262 737 stratio
293 696 382 737 Viri
411 695 665 738 Illtistusfimi
697 697 769 738 La
800 697 1001 747 Place,
1045 700 1263 752 superiori-

125 769 201 808 bus
229 766 666 816 demonstrationibus,
707 768 818 820 quod
842 768 952 808 nulla
990 768 1066 809 alia
1107 772 1260 822 princi-

123 839 191 891 pia
227 838 518 893 admittuntur,
567 850 688 889 quam
730 851 831 890 quae
873 850 922 878 ex
963 838 1047 891 ipsa
1086 841 1258 887 notione

121 909 209 956 vis,
255 906 427 960 sponte,
462 919 649 959 tanquam
678 908 900 957 axiomata,
934 907 1173 961 profluunt;
1217 921 1259 950 et

122 977 205 1029 sola
236 978 378 1026 cauffa,
416 990 488 1018 cur
517 976 676 1017 illarum
719 977 1103 1019 demonstrationum
1133 978 1257 1021 alicui

119 1058 467 1102 postponeretur,
501 1047 600 1086 haec
632 1058 722 1097 est,
767 1047 880 1100 quod
908 1049 1118 1100 inquifitio
1145 1062 1257 1105 mag-

118 1119 313 1160 nitudinis
342 1120 405 1158 vis
428 1116 705 1169 eompofitae,
738 1117 851 1157 brevi
874 1128 916 1158 et
945 1117 1258 1161 elementaris&

120 1191 307 1231 tiocinio'
352 1187 610 1237 absolvatur,
669 1199 762 1227 cum
808 1197 943 1235 ,tamen
983 1188 1147 1230 alterius
1185 1191 1256 1231 de-

118 1259 416 1301 monstrationis
448 1270 577 1311 pars,
622 1258 665 1296 *in
703 1268 782 1309 qua
823 1255 1060 1300 directionis
1102 1260 1259 1313 positio,

115 1331 353 1385 indagatur,
383 1329 506 1381 ipfius
534 1324 682 1369 calculi
712 1325 988 1369 differentialis
1025 1330 1252 1371 confidera-

115 1401 296 1442 tionibus
326 1397 618 1452 superstructa,
661 1410 703 1440 et
731 1412 812 1454 ope
844 1399 1051 1456 integralis
1096 1400 1248 1443 calculi

111 1471 257 1513 effecta
285 1471 345 1511 fit.

156 1595 220 1642 (1)
243 1595 318 1632 Vid.
346 1598 422 1632 Cel.
450 1597 479 1631 L
494 1608 511 1630 a
537 1599 563 1632 P
577 1599 586 1629 1
602 1607 618 1629 a
633 1607 652 1631 c
669 1608 688 1632 e
703 1623 716 1640 ‚
738 1599 771 1632 in
796 1607 902 1642 opere
925 1598 1008 1633 Mdv.
1024 1598 1088 1634 Cel.
1102 1599 1200 1634 Tom.
1213 1609 1246 1636 1.

109 1663 182 1697 pag.
207 1664 243 1698 4.

1153 2231 1190 2273 A
1194 2233 1245 2275 P«
