1513 2734
735 137 963 196 (98)

279 270 453 321 'illorum
479 277 521 317 in
549 273 761 330 religionis
787 277 927 318 caussa
950 279 1125 319 vanitate
1149 287 1191 317 et
1227 274 1413 329 impieta-

287 359 326 389 te
354 356 563 401 comparat
591 344 915 387 Christianorum
950 347 1104 389 cultum
1143 347 1296 389 sacrum
1336 346 1412 387 fin-

285 416 416 472 gulari
443 418 592 469 pietate
632 415 900 470 conspicuum
929 416 1024 469 (1).
1084 415 1414 472 Quodxdenique

286 489 430 529 attinet
456 486 506 528 ad
528 498 591 528 res
617 485 831 540 politicas,
857 486 1104 528 adversarios
1125 486 1290 527 denotat
1309 484 1415 525 Cae-

285 557 437 599 saribus
453 557 569 611 saepe
587 556 763 598 infensos
778 587 791 607 ‚
823 556 1033 598 seditiosos
1049 557 1172 610 inque
1193 556 1416 608 perniciem

286 627 490 669 bonorum
517 628 669 669 civium
697 627 989 680 conspirantes.
1033 623 1292 667 Christianos
1316 637 1417 666 con-

286 708 348 738 tra
375 696 511 740 laudat
539 699 651 740 cives
685 697 935 751 reipublicae
973 695 1254 751 tranquillitati
1282 708 1330 745 ac
1359 695 1417 736 sa·
1446 743 1449 747 .

283 765 362 809 luti
391 780 485 809 vere
522 768 820 822 prospicientes
850 765 947 820 (2).

340 836 410 879 Ad
449 837 662 879 meliorem
703 838 760 878 rei
787 837 1095 891 perceptionem
1127 835 1242 878 illum
1272 835 1414 877 locum

284 909 457 962 propius
506 908 861 961 contemplemur,
898 897 983 962 quo
1025 908 1221 950 Gentium
1260 905 1416 948 cultum

284 977 440 1020 sacrum
492 990 727 1031 comparare
787 978 886 1020 licet
940 991 1034 1020 cum
1089 978 1418 1020 Christianorum

280 1058 560 1090 conventuum
602 1048 805 1090 sacrorum
846 1046 998 1089 indole.
1065 1046 1265 1088 Narrante
1301 1058 1418 1086 nem·

289 1131 342 1172 pe
381 1117 637 1160 Tertulliano
680 1117 789 1172 apud
823 1117 1072 1160 adversarios
1111 1116 1162 1158 ab
1205 1116 1417 1158 hominum

285 1190 529 1231 auctoritate
569 1187 655 1242 ipsa
699 1182 889 1230 Deorum
929 1187 1081 1242 pendet
1120 1188 1217 1228 vita.
1291 1185 1416 1227 Sena-

286 1270 350 1301 tus
391 1258 582 1302 consulto
624 1257 742 1300 Deus
778 1258 952 1313 aliquis,
993 1257 1119 1307 velit,
1160 1255 1298 1308 nolit,
1345 1255 1418 1296 suo

288 1328 390 1371 loco
440 1327 697 1377 detruditur,
746 1329 788 1368 in
843 1327 959 1370 illum
1015 1326 1264 1369 substituitur
1316 1325 1418 1367 alius

288 1399 395 1452 quis·
454 1397 544 1451 Ipsa
579 1397 767 1439 Deorum
823 1397 959 1440 sancta
1014 1409 1219 1451 corpora,
1261 1396 1417 1439 fimula-

288 1482 387 1518 cra,
446 1469 611 1522 pignori
658 1468 829 1517 dantur,
886 1469 1171 1518 venditantur,
1224 1466 1417 1508 transfor-

288 1550 447 1580 mantur
500 1539 540 1578 in
591 1537 682 1579 vasa
741 1538 924 1592 profana.
1006 1537 1244 1591 Spoliantur
1300 1538 1417 1591 saepe

287 1608 469 1662 templa,
500 1609 540 1648 in
571 1608 758 1661 praedam
786 1610 939 1662 rapitur
974 1607 1162 1650 Deorum
1203 1607 1416 1661 supellex,
1470 1602 1479 1655 ἶ

286 1680 400 1722 exuti
426 1690 570 1720 ornatu
596 1691 644 1720 ac
669 1679 818 1720 vestitu
853 1677 950 1719 nudi
988 1677 1284 1732 relinquuntur.
1342 1677 1416 1732 Ju-
1476 1665 1478 1671 ’

287 1763 412 1793 venes
437 1764 484 1792 ac
513 1749 700 1791 mulieres
741 1750 909 1791 infames
949 1750 990 1789 in
1031 1746 1219 1790 Deorum
1263 1747 1412 1789 adscis-

289 1832 439 1865 cuntur
480 1822 799 1863 consortionem.
862 1818 1058 1872 Eousque
1092 1817 1331 1873 proculcata
1356 1817 1415 1871 ja-

289 1903 358 1934 cet
398 1890 585 1933 Deorum
632 1891 830 1944 majestas.
905 1890 1127 1932 Irridentur
1165 1902 1187 1930 a
1229 1886 1415 1942 philoso-

290 1963 413 2018 phis,
457 1962 561 2004 infra
606 1962 823 2004 humanum
865 1960 1031 2003 modum
1073 1960 1352 2015 deprimuntur
1391 1969 1416 1999 a

1310 2040 1414 2084 poe·

336 2133 403 2181 (ι)
427 2131 557 2178 Apolog.
580 2144 613 2169 c.
637 2144 677 2176 ¹3
694 2154 708 2162 ·
725 2134 778 2169 16.
803 2142 857 2177 25·
878 2142 934 2176 39.

340 2192 406 2240 (2)
431 2194 556 2240 Apolog.
580 2201 612 2227 c.
635 2202 679 2235 30
695 2212 708 2218 -
723 2201 775 2235 33-
804 2199 860 2236 35·
881 2202 926 2235 40
943 2200 1027 2234 -4¹·
1049 2198 1091 2233 43
1109 2195 1193 2231 —4s·
