1513 2734
669 129 890 191 (ὴ)

217 271 386 319 bantur,
418 282 492 311 nec
521 269 720 323 Hispani:,
764 271 830 311 sed
858 267 1177 323 septentrionalis
1219 269 1346 310 maxi-

216 367 280 396 me
324 353 513 407 Europae
556 364 708 408 gentes.
788 353 1100 393 Memorandum
1153 350 1344 405 profecto

212 438 378 489 praebet
403 448 677 492 argumentum
706 437 808 476 acris
837 434 933 484 illa,
966 448 1067 490 quac
1097 434 1232 476 seculo
1267 433 1341 474 illo

214 519 407 573 agebatur
463 518 708 572 populorum
756 519 968 559 contentio
1018 517 1345 571 Europaeorum.

217 599 264 641 In
303 601 373 642 illa
404 601 544 656 singuli
575 602 688 650 suas,
734 601 880 654 quibus
923 599 1086 650 valent,
1137 599 1348 640 intendunt

216 685 350 733 vires3
383 684 475 733 sua,
507 696 607 737 quae
644 685 748 724 intus
789 683 960 733 fovent,
992 683 1177 724 exserunt
1208 681 1346 723 studia.

218 766 414 807 Universc
454 767 537 806 sere
578 765 745 820 Europa
785 777 826 806 et
866 765 1009 806 Latina
1035 776 1076 805 et
1104 765 1348 807 Germanica

218 849 379 890 diversis
417 849 552 890 studiis
593 851 764 904 agitatur
801 860 840 889 et
871 841 1166 890 commovetur.
1258 846 1346 900 Op-

218 931 348 984 posita
402 943 461 971 est
517 931 636 984 plane
689 932 868 986 gentium
924 930 1051 971 indoli
1110 930 1346 983 Principum

218 1015 374 1054 astutia.
435 1012 668 1067 Exsurgunt
699 1025 828 1053 tamen
856 1012 1028 1064 populi,
1054 1012 1119 1052 sua
1145 1013 1184 1053 vi
1212 1011 1345 1052 exsul-

218 1106 445 1149 tantcsuet
475 1094 639 1135 foedera
666 1097 862 1135 ineuntes,
935 1093 1052 1149 Quae
1093 1106 1226 1136 autem
1267 1094 1348 1135 sese
1397 1098 1411 1102 “

218 1177 387 1224 exserit,
445 1177 606 1218 moralis
658 1177 868 1233 religionis
925 1178 1060 1226 ratio,
1119 1178 1348 1218 maturioris

217 1261 394 1314 prodens
449 1261 694 1302 conditionis
749 1260 925 1309 indicia,
991 1272 1077 1300 eam
1128 1260 1349 1315 infringere

216 1342 324 1384 haud
364 1344 530 1397 possunt
568 1356 642 1384 nec
673 1342 917 1384 Pontificum
962 1342 1228 1392 Hierarchia,
1270 1356 1348 1385 nec

215 1425 453 1480 Principum
503 1438 607 1466 arma
658 1437 698 1466 et
753 1427 966 1468 exercitus.
1041 1425 1087 1466 In
1131 1426 1349 1468 Germania

218 1509 377 1550 tandem
430 1523 506 1562 pro
562 1509 748 1550 libertate
797 1509 1021 1550 exardescit
1067 1507 1247 1558 bellum,
1306 1520 1349 1550 et

218 1582 481 1646 quaecunque
523 1592 671 1632 fuerint
713 1591 929 1645 praefidia,
973 1603 1238 1645 quaecunque
1285 1593 1347 1632 vis

218 1656 430 1724 militaris,
477 1687 738 1728 quaecunque
770 1675 957 1723 fraudes;
990 1675 1118 1715 irritas
1151 1675 1221 1714 has
1258 1673 1348 1715 red-

217 1758 275 1798 dit
308 1769 410 1798 trans
440 1757 630 1798 Rhenum
659 1770 699 1798 et
743 1757 979 1798 Danubium
1020 1757 1200 1813 gentium
1229 1757 1346 1798 indo-

216 1840 274 1880 les
304 1841 649 1882 Germanicarum.

279 1923 359 1964 Sed
385 1925 482 1976 quid
504 1924 599 1964 alias
639 1924 824 1964 adeamus
852 1924 1068 1978 regiones?
1111 1922 1346 1964 Memorare

218 2007 401 2059 inprimis
442 2007 552 2061 juvat
586 2005 791 2048 Patriam
829 2018 1034 2056 nostram,
1081 2005 1349 2047 dulcisfimam

220 2088 354 2143 Belgii
381 2091 602 2144 regionem.
662 2089 806 2143 Viguit
835 2090 875 2129 in
916 2089 1004 2130 solo
1045 2100 1187 2129 nostro
1226 2087 1348 2129 natali

223 2173 332 2212 omni
346 2184 446 2212 aevo
456 2202 469 2222 ,
501 2174 570 2225 qui
588 2172 839 2214 Germanicis
852 2172 1020 2227 populis
1033 2183 1116 2214 erat
1129 2171 1318 2228 proprius
1331 2200 1345 2219 ‚

960 2252 970 2258 ”
1297 2251 1347 2294 li-
