1513 2734
707 121 978 204 <262⁶

252 290 356 339 δας,
387 300 508 344 atque
534 288 835 333 affectionibus.
895 290 941 331 In
972 290 1034 330 his
1058 301 1226 340 ¹autem,¹>
1269 303 1390 346 quam

248 375 353 418 viam
383 374 585 415 recentior
629 372 825 426 Physica,
868 374 1034 414 eandem
1078 374 1231 429 ingredi
1269 374 1393 415 debet

247 468 435 511 germana
482 455 769 511 Psychologia.
879 455 1057 498 Collatis
1112 458 1393 511 perceptioni·

248 540 326 580 bus
367 541 563 589 internis,
624 551 707 580 tum
760 541 865 581 inter
902 534 969 585 se,
1016 552 1100 580 tum
1149 553 1242 581 cum
1301 552 1394 593 per⁶

249 623 511 674 ceptionibus
589 623 792 672 externis,
863 623 1056 667 adhibitis
1125 623 1393 672 inductione,

247 705 432 760 analogia
476 717 517 746 et
560 705 851 761 intelligentiae
894 706 1080 761 legibus:,
1142 706 1394 754 observatis,
1446 725 1455 728 -

206 819 210 822 .
248 800 352 841 quae
383 790 423 828 in
450 800 585 830 nostra
612 791 851 843 cognitione
880 790 1130 836 necessaria,
1161 801 1282 842 atque
1305 789 1402 829 uni«

248 871 414 912 versalia
443 872 559 923 sunt,
590 875 847 926 pervenimus
875 872 925 913 ad
952 874 1232 926 cognitionem
1270 872 1394 913 animi

248 956 457 994 actionum
487 968 528 996 et
556 955 848 1004 affectionum,
881 935 1130 1010 legumque,
1176 954 1396 995 secundum

251 1048 351 1088 quas
387 1037 459 1077 fibi
486 1037 735 1086 succedunt,
768 1049 1000 1087 mutantur,
1032 1039 1279 1086 incitantur3
1306 1038 1396 1090 qui·

248 1119 326 1160 bus
357 1119 528 1160 detectis
558 1120 783 1172 explicari,
815 1133 937 1174 atque
961 1120 1187 1174 explicatae
1213 1120 1264 1161 ad
1293 1119 1396 1161 mul-

253 1201 440 1256 tiplicem
464 1202 578 1243 usum
608 1203 790 1252 adhiberi
818 1204 998 1256 possunt.

305 1283 405 1326 Non
449 1285 648 1334 diffiteor,
694 1285 1016 1340 Psychologicas
1048 1287 1394 1340 investigationes

247 1366 381 1409 multo
408 1368 492 1408 esse
522 1368 798 1418 difficiliores,
837 1382 956 1423 quam
984 1368 1201 1423 Phyficas‚
1234 1369 1398 1423 majori-

247 1451 406 1504 busque
447 1435 749 1504 impedimentis
806 1452 1022 1493 involutas.
1111 1451 1398 1494 Phaenomena

246 1533 418 1586 Physica
460 1534 703 1588 plerumque
745 1548 783 1597 a„7
805 1534 1030 1576 sexcenties
1076 1534 1189 1575 mille
1219 1535 1397 1575 homini-

245 1617 354 1667 bus,
386 1629 506 1671 atque
537 1618 682 1658 eodem
707 1617 792 1658 fere
820 1618 946 1659 modo
976 1617 1159 1670 conspici
1196 1616 1397 1675 possunt,

249 1700 318 1741 sed
346 1702 478 1754 quivis
506 1701 634 1741 homo
671 1701 782 1741 suum
811 1712 963 1742 tantum
992 1703 1167 1742 animum
1196 1702 1398 1741 continuo

244 1783 466 1824 observare
496 1795 663 1837 potestz,
696 1784 826 1837 qualis
850 1796 981 1825 autem
1013 1786 1058 1826 fit
1087 1783 1251 1825 alterius
1274 1784 1398 1824 animi

232 1870 386 1907 'motus
426 1878 466 1907 et
506 1866 699 1917 affectio,
744 1867 786 1907 id
815 1879 883 1907 aut
920 1880 970 1908 ex
999 1868 1186 1920 corporis
1216 1867 1398 1907 motibus

241 1950 500 1999 -concludit,
531 1962 599 1991 aut
626 1963 676 1990 ex
708 1951 828 2004 lignis
854 1962 895 1990 et
919 1951 1123 1999 vocibus,
1163 1950 1310 2004 quibus
1338 1951 1399 1989 in-

251 2034 466 2083 dicantur;
498 2046 576 2087 qua
604 2035 644 2073 in
674 2046 716 2073 re
757 2033 872 2086 saepe
914 2032 1000 2073 falli
1034 2045 1184 2087 potest.
1258 2033 1400 2086 Major

257 2118 378 2157 enim'
413 2130 503 2170 pars
544 2117 755 2157 hominum
812 2116 1028 2172 diligenter
1072 2117 1112 2158 se
1157 2112 1398 2165 observare,

253 2212 323 2242 aut
349 2213 432 2242 non
459 2211 626 2256 potest,
656 2211 828 2243 autnon
856 2212 1058 2253 conatur,
1089 2211 1158 2243 aut
1191 2199 1401 2243 observata

1313 2294 1398 2324 non
