1513 2734
613 135 640 190 (
704 147 751 190 15
801 132 835 189 ’)

159 271 424 321 felicitatem3
456 271 684 326 Apostolos
710 286 842 315 antem
873 274 1067 327 instituit,
1104 279 1175 331 qui
1203 291 1291 321 eam

158 367 252 396 cum
281 354 470 408 gentibus
500 359 874 410 communicarent;
919 371 1101 413 quaeque
1132 361 1290 415 supere-

155 448 269 486 rant,
303 435 522 487 humana,
554 439 593 478 in
624 438 883 496 propagandzi‘
908 441 1106 497 religione
1131 455 1172 484 et
1191 457 1291 485 con-

154 519 348 563 stituendfi
389 520 592 562 societatis
630 521 760 564 formfi
787 524 1021 566 hominibus
1061 527 1289 581 peragenda

154 602 280 643 dedit.
355 602 429 644 Uti
459 615 592 645 autem
621 617 762 660 gentes
789 608 895 648 varia
937 609 1152 650 utebantur
1187 612 1292 664 regi-

153 687 273 726 minis
294 687 476 737 ratione,
522 688 597 738 ita,
627 690 697 741 qui
724 690 765 729 in
796 690 858 730 his
888 691 1120 733 oriebantur
1147 692 1291 734 Chris-

153 769 279 818 tiani,
333 768 384 809 ad
421 768 529 809 suam
569 772 721 824 quique
765 772 968 813 societatis
1012 775 1290 816 conditionem

152 852 369 905 compofiti
397 851 500 893 sunt.
561 851 718 907 Quod,
750 856 851 908 age!
883 856 923 895 in
966 856 1125 898 duobus
1165 859 1292 898 maxi-

151 946 215 975 me
239 933 406 989 populis
431 935 709 986 attendamus,
739 938 781 977 in
812 937 982 980 Graecis
1009 950 1050 980 et
1074 938 1289 983 Romanis.

206 1096 285 1139 Per
321 1099 548 1141 universum
591 1101 734 1142 orbem
764 1104 974 1156 antiquum
1003 1105 1135 1147 ubivis
1160 1105 1283 1148 habe—

151 1181 294 1221 bantur
327 1179 611 1234 Respublicae
657 1183 683 1224 i.
721 1196 757 1224 e.
804 1186 955 1227 civium
997 1199 1171 1238 coetus,
1216 1191 1287 1243 qui

147 1263 300 1317 patriae
340 1276 477 1304 amore
523 1265 659 1306 secum
706 1265 883 1308 invicem
926 1269 1284 1326 conjungerentur.

146 1345 215 1387 Ad
258 1338 361 1388 hanc
401 1347 611 1388 civitatum
653 1349 932 1391 conditionem
974 1351 1145 1395 societas
1185 1356 1283 1396 item

143 1428 361 1470 informata
397 1442 458 1471 est
501 1429 760 1472 Christiana:
802 1429 893 1474 'imo
930 1447 1029 1476 vero
1066 1436 1116 1477 ab
1147 1438 1284 1484 ἐκκλη-

142 1517 245 1556 σιαῖς
288 1512 366 1553 five
405 1514 613 1564 comitiis,
657 1516 828 1568 quaein
869 1515 1194 1572 Rebuspublicis
1233 1520 1283 1562 il-

143 1593 196 1635 lis
236 1607 348 1636 erant
386 1595 587 1646 instituta,
641 1596 854 1652 Ecclesiae
907 1612 1056 1642 nomen
1106 1605 1281 1657 accepit.

139 1676 303 1728 Porro,
345 1690 390 1719 ut
433 1679 474 1719 in
517 1680 751 1721 civitatibus
776 1683 975 1736 antiquis,
1023 1695 1124 1726 teste
1146 1685 1281 1729 Hero-

145 1760 275 1811 doto,
319 1773 341 1800 e
371 1761 636 1804 Democratifi
668 1763 753 1804 fere
782 1766 1078 1816 Aristocratia‚
1123 1781 1174 1810 ex
1204 1770 1280 1812 hac

147 1842 411 1898 Oligarchia‚
444 1845 604 1886 tandem
619 1845 819 1899 Tyrannis
837 1850 932 1890 oriri
959 1849 1141 1901 solebatt,
1175 1853 1278 1894 fimi-

145 1924 205 1966 les
229 1927 349 1968 subiit
375 1929 656 1969 conversiones
673 1928 857 1971 Societas
886 1931 1130 1975 Christiana.
1162 1933 1275 1977 Hac-c

145 2008 244 2049 item
279 2011 455 2062 primum
487 2011 697 2066 popularis
726 2013 915 2066 prorsus,
959 2015 1151 2070 deinceps
1180 2031 1276 2060 auc-

147 2091 198 2130 tis
243 2092 473 2133 muneribus
507 2092 836 2146 Ecclefiasticis,
882 2098 1109 2149 constitutis
1142 2100 1273 2143 Dioe-

143 2173 300 2218 cefibus
327 2184 368 2215 et
399 2174 580 2221 Urbibus
610 2178 965 2233 metropolitanis,
1013 2186 1270 2239 congregatis

1202 2265 1270 2307 de-
