1513 2734
685 161 913 218 (44)

223 301 304 342 tiae
356 300 569 357 quantitati
607 299 828 349 miscente,
875 315 976 355 aqua
1023 305 1206 353 solutae,
1249 305 1368 347 adda-

226 383 291 412 tur
329 383 430 422 aqua
472 369 626 418 calcis,
673 383 751 422 qua
780 374 1069 426 praecipitatur
1099 375 1364 416 sub-carbo-

223 453 294 480 nas
338 440 485 487 caleis,
530 441 598 492 qui
649 439 880 493 separatus,
927 454 1047 495 atque
1093 445 1367 497 ponderatus,
1428 437 1435 438 ἶ

174 510 392 569 *exhibet
444 511 706 562 quantitatem
763 511 868 551 acidi
913 514 1123 554 carbonici
1166 525 1205 554 et
1244 516 1369 569 igitur

224 582 343 621 etiam
385 577 735 621 sub-carbonatis
766 581 911 631 sodae,
954 596 1056 636 quae
1091 584 1215 636 igitur
1244 597 1369 636 quan·
1418 606 1424 609 -

223 649 474 690 titas'addita
499 650 712 702 quantitati
741 649 935 703 sulphatis
961 665 1001 692 et
1036 652 1367 704 hydrochloratis

223 720 371 769 sodae,
415 719 588 773 ponderi
632 720 822 761 miscelae
863 722 1040 776 aequalis
1083 723 1167 762 esse
1213 723 1365 774 debet3

221 789 350 830 multa
377 801 509 830 autem
539 803 641 842 aqua
671 790 879 840 abluatur,
913 795 1006 844 quia
1032 793 1227 834 formatus
1243 795 1368 834 etiam

222 859 385 912 sulphas
428 852 553 900 'calcis
591 871 641 900 ex
681 859 1033 914 decompo'fitione
1078 862 1273 915 sulphatis
1305 863 1369 903 so-

222 929 323 978 dae,
355 942 438 969 non
462 931 532 970 nisi
562 930 602 969 in
635 942 716 982 350
744 932 927 983 partibus
947 945 1073 984 aquae
1089 933 1274 974 solubilis
1290 945 1366 973 est.

281 998 393 1039 Bene
426 1011 524 1039 vero
554 1000 580 1039 fi
612 1002 843 1053 operaveris
868 1001 909 1040 in
938 1002 1178 1042 tractatione
1217 1003 1369 1055 prioris

224 1071 459 1124 quantitatis
494 1072 586 1110 'cum
629 1072 774 1110 nitrate
809 1072 993 1125 argenti,
1038 1072 1145 1123 fique
1173 1070 1275 1111 nihil
1305 1072 1367 1112 su—

221 1140 422 1194 perfluum
461 1140 690 1190 addideris,
735 1140 812 1180 alia
839 1141 970 1181 adhuc
1001 1142 1157 1180 ratione
1195 1140 1367 1194 separari

207 1222 361 1263 ¹potest
392 1209 554 1263 sulphas
583 1210 701 1251 sodae
744 1223 766 1250 a
804 1211 1170 1260 sub-carbonat03
1215 1213 1365 1252 etenim

222 1280 360 1320 addito
415 1281 535 1321 acido
585 1282 774 1330 acedco,
821 1280 1136 1322 sub-carbonas
1198 1281 1366 1321 decom-

221 1353 415 1402 ponitur‚
487 1363 636 1403 atque,
698 1349 870 1404 expulso
929 1350 1049 1390 acido
1108 1350 1364 1400 carbonic0‚

220 1419 419 1461 formatur
447 1432 581 1483 acetas
611 1423 754 1470 soene,
788 1422 883 1473 qui,
916 1420 1010 1460 dum
1043 1419 1236 1460 alcohole
1262 1420 1364 1461 faci-

220 1489 298 1530 lius
343 1490 540 1537 solvitur,
585 1490 706 1530 facile
739 1491 941 1541 separatur
976 1503 998 1529 a
1033 1489 1245 1540 susphace,
1291 1491 1363 1544 qui
1431 1541 1433 1545 V

219 1561 344 1613 igitur
391 1561 658 1613 ponderatus,
705 1561 865 1612 pondus
905 1560 1072 1601 exhibet
1115 1560 1281 1616 aeetatis
1322 1572 1363 1608 et
1426 1556 1427 1559 '

219 1631 343 1685 igitur
367 1627 485 1669 etiam
512 1629 583 1669 sub
601 1653 616 1659 -
634 1629 863 1670 carbonatis
888 1629 1030 1679 sodae,
1062 1628 1127 1668 vel
1158 1640 1199 1668 et
1229 1640 1364 1670 acetas

218 1701 303 1753 ipse
330 1700 574 1753 ponderatus
604 1699 714 1740 illius
742 1701 1005 1752 quantitatem
1037 1699 1202 1740 indicat.

226 1792 229 1794 ·
278 1771 346 1812 Cl.
394 1770 659 1811 Thena1·d
717 1769 948 1811 faciliorem
994 1758 1362 1812 indicat'n'ietho-

219 1842 338 1891 dum,
370 1841 532 1882 ultimas
565 1840 1096 1893 operationesinstituendi:,
1129 1842 1360 1883 dicitnem-

218 1912 269 1966 p'e
292 1908 659 1965 thydrochlora'tem
692 1911 809 1951 sodae
827 1941 839 1961 ,
872 1912 957 1952 fere
989 1912 1145 1965 semper
1172 1909 1359 1965 praesen-

206 1994 328 2031 tem,
376 1981 478 2022 solvi
505 1980 707 2022 *alcohole
749 1982 944 2035 gravitate
973 1982 1163 2034 specifica
1198 1983 1358 2036 0‚875·;

218 2052 285 2092 sed
315 2065 594 2106 praeterquam
624 2052 736 2104 quod
755 2064 847 2093 non
881 2052 1014 2092 ubivis
1043 2051 1112 2091 ille
1155 2052 1359 2092 invenitur

214 2123 413 2172 alcohol,
455 2134 593 2175 neque.
619 2112 740 2162 facile
775 2123 973 2171 habetur,
1021 2134 1225 2176 nunquam
1269 2134 1358 2162 om-
1402 2110 1414 2124 ³

216 2205 310 2234 nem
351 2191 713 2245 hydrochloratem
752 2191 854 2234 solvi
899 2191 1099 2243 vidimus,
1142 2191 1243 2234 lieet-
1284 2199 1360 2245 per

1295 2273 1358 2302 in·
