1513 2734
599 157 823 216 (57)

132 290 251 348 suos,
296 289 521 354 superstites
558 299 815 348 etiamnunc,
858 297 1046 340 Deorum
1095 292 1271 337 nomine

132 368 386 423 appellaret,
429 370 555 410 hosce
592 368 748 423 saepius
779 369 921 423 sponte
950 368 1004 408 eo
1028 365 1270 416 adduxisse,-

132 452 199 489 ut,
237 439 422 492 superbia
462 439 648 492 fastuque
692 451 921 489 tumenteS,
975 437 1048 478 fibi
1088 436 1160 490 ips1
1188 435 1263 478 Dii

131 509 364 550 viderentur
402 510 631 563 justamque
662 511 717 551 ita
747 512 787 551 in
816 510 896 551 sese
925 509 1147 550 excitarent
1175 501 1277 548 uni-v

133 592 179 620 us
210 582 294 621 veri
322 579 406 621 Dei
420 580 655 620 vindictam.
716 579 874 620 Vereor
904 578 1059 628 tamen,
1088 590 1137 619 an
1162 575 1277 617 Ter-¹

135 649 322 691 tullianus
358 650 511 691 hancce
535 650 613 690 suis
640 651 774 691 verbis
804 639 991 691 tribuerit
1016 648 1264 690 sententiam.

134 719 328 769 Etenim,
375 721 570 761 orationis
628 731 844 762 contextae
901 719 1038 760 habita
1082 720 1266 764 ratione,

134 789 257 844 paulo
310 789 509 844 abjectius
553 789 602 831 de
628 788 727 831 Deo
760 779 902 851 sentire
932 800 1106 842 eumque
1135 781 1274 828 homi:
1275 781 1282 794 ''

134 872 230 901 num
270 858 356 900 fere
401 859 516 900 instar
561 860 711 901 invidia
738 872 858 914 atque
887 859 1112 900 aemulandi
1139 857 1269 899 studio

141 930 306 972 ductum
328 930 360 970 s
366 930 408 971 b1
451 931 650 985 cogitasse
684 924 885 974 videtur.
1212 940 1214 942 '

199 999 349 1054 Neque
404 1002 446 1041 in
487 1013 538 1041 eo
576 1000 794 1044 laudandus
837 1014 899 1053 est
947 1011 1114 1051 nosoer‚
1161 997 1284 1054 quod

136 1069 226 1112 Dei
278 1065 426 1112 vocem
484 1082 578 1112 cum
630 1071 788 1112 'domini
835 1070 1048 1129 v'oceibulo
1090 1070 1274 1112 commu-

138 1153 224 1182 tans
254 1138 449 1192 affirmet,
492 1134 542 1182 ne
569 1142 708 1196 ipsum
726 1142 890 1211 quidem
907 1128 1144 1198 Augustum
1188 1138 1275 1180 Do-

138 1213 300 1254 minum
326 1211 484 1254 salutari
509 1212 698 1254 voluisse.
735 1205 844 1253 ¹Hic
882 1214 990 1253 enim
1021 1211 1096 1252 illo
1127 1206 1277 1251 'Domi-

139 1282 191 1324 ni
215 1282 423 1324 vocabulo
452 1294 535 1323 non
562 1281 733 1333 Deum,
761 1282 851 1324 fed
861 1292 1100 1338 tyrannum
1128 1279 1287 1321 intelli··

140 1353 277 1408 gebat.
338 1353 511 1394 Caetera
538 1355 663 1403 vero,-
692 1365 794 1407 quae
823 1352 972 1402 habet,
1016 1342 1289 1405 argumenta,L

27 1416 31 1420 ⁴
82 1464 86 1470 ,
140 1425 310 1464 omnino
350 1423 484 1464 valere
521 1413 741 1464 videntur.-
784 1452 814 1476 „
844 1421 944 1464 Non
987 1419 1125 1462 Deum
1153 1422 1289 1490 irnpe-

140 1521 169 1546 „
198 1482 373 1534 ratorem
415 1493 594 1534 dicam'
565 1524 578 1543 ‚
656 1483 815 1547 inquit,-
830 1493 878 1546 ,,·’
906 1491 971 1533 vel
999 1487 1094 1545 quia
1122 1486 1284 1532 mentiri

140 1590 169 1614 ,‚
198 1563 368 1612 nescio,
413 1562 479 1604 vel
520 1565 616 1617 quia
651 1563 776 1605 illum
803 1564 886 1603 non
914 1561 1096 1603 deridere
1123 1561 1278 1609 audeo,

141 1622 183 1684 „¹
199 1632 266 1673 vel
296 1633 389 1687 quia
415 1645 491 1675 nec
516 1633 602 1686 ipse
628 1633 669 1674 se
692 1633 830 1675 Deum
852 1631 974 1674 'volet
1004 1630 1133 1673 dici.”
1176 1630 1284 1672 Can-

143 1702 236 1743 dide
256 1702 356 1744 haec
381 1703 491 1744 dicta
516 1704 601 1745 esse
629 1715 678 1744 ac
708 1715 837 1752 v-ere,
870 1702 1042 1756 quisque
1077 1701 1285 1755 persentit.
1292 1706 1293 1711 ’

143 1772 207 1814 Ac
264 1773 459 1826 profecto
517 1785 633 1827 turpe
687 1773 826 1815 illud
844 1770 1126 1821 mendacium,
1173 1770 1293 1826 quod*

144 1843 369 1885 Christiani
396 1845 464 1897 pie
478 1844 806 1894 aversabantur,
838 1841 923 1897 ipsi
938 1842 1193 1896 imperatori
1201 1848 1285 1883 n'on

143 1926 306 1969 poterat
349 1927 433 1956 non
464 1913 588 1967 paulo
613 1914 826 1956 molestius
873 1913 1072 1954 accidere.
1133 1911 1281 1962 Certe,
1316 1965 1321 1969 X

143 1985 214 2026 nifi
265 1983 371 2025 fastu
424 1995 665 2029 excaecatus
720 1986 850 2054 esset,
896 1982 1037 2036 quidni
1071 1983 1289 2042 respueret

145 2046 480 2096 commenticium
536 2056 646 2097 istud
680 2067 800 2110 atque
828 2048 1083 2104 adul'ationis
1105 2052 1292 2106 plenum

144 2124 361 2179 elogium?
393 2125 507 2180 Quin
523 2126 878 2169 etiaminfaustum
905 2123 967 2166 issi
997 2124 1079 2164 esse
1108 2123 1190 2164 hoc
1206 2121 1290 2164 Dei

145 2207 379 2251 cognomen
407 2207 546 2239 noster
576 2196 784 2256 ingeniose
814 2195 929 2238 dicit.
960 2193 1156 2237 Assumto
1181 2195 1291 2236 enim

1240 2264 1290 2305 ab
