1513 2734
687 138 911 197 (16)

245 277 362 323 laude
392 279 591 322 celebrata
618 289 706 328 est,
748 290 838 319 ante
859 275 1127 322 ,Hortensium
1156 286 1197 317 et
1225 287 1368 331 aequa·

241 363 329 413 les,
374 361 559 404 Romana
599 361 768 409 civitam,
813 370 944 412 neque
985 358 1239 415 Theologiae
1269 370 1368 402 nun-

243 458 361 498 quam
401 447 529 485 minus
570 441 829 484 commodum
874 441 1059 494 praebuit
1114 434 1367 483 domicilium

239 526 414 567 Batavia.
475 526 638 568 Etenim
669 525 737 578 qui
765 535 932 576 usquam
958 536 1053 578 ager
1075 523 1120 564 ea
1152 523 1369 576 praecellat

238 608 471 658 fertilitate,
516 621 618 662 quae
652 620 733 649 non
773 605 1017 660 aliquando,
1077 606 1155 647 five
1193 605 1368 659 segetem

234 679 505 743 procellarum
532 689 789 743 prostraverit
823 688 1012 738 saevitia,
1059 688 1136 729 five
1175 687 1369 728 malarum

233 771 445 813 herbarum
474 772 653 812 obruerit
689 771 932 820 multitudo,
978 769 1088 824 spem
1115 770 1233 810 fallat
1262 771 1368 825 agri-

233 853 380 903 colae,
411 866 451 894 et
481 854 827 907 exspectationem
856 853 1071 894 destituat?
1119 852 1367 907 Quanquam

234 938 305 989 qui
336 949 530 990 campus,
575 949 666 977 cum
712 936 882 976 senti-um
919 935 1198 988 ruborumque
1247 935 1365 976 dens&

235 1018 489 1071 compleatur
518 1018 654 1068 sylvi,
702 1017 893 1057 frumenti
923 1028 1054 1057 tamen
1095 1017 1263 1058 messem
1303 1014 1364 1057 ef-

236 1099 314 1141 fert
343 1100 447 1141 haud
474 1098 840 1149 contemnendam
887 1100 972 1140 rara
1008 1099 1200 1153 profecto
1230 1098 1300 1139 ille
1324 1110 1368 1139 et

237 1182 398 1237 prorsus
437 1182 554 1223 unicfi
590 1181 662 1222 soli
697 1180 898 1222 excellere
939 1182 1117 1222 bonitate
1146 1180 1366 1223 censendus

238 1277 311 1305 est.
384 1263 477 1305 Hoc
517 1265 640 1319 igitur
683 1276 802 1317 quam
827 1264 1050 1319 gloriosum
1080 1263 1365 1319 Belgicaeest
1401 1266 1403 1269 ’

239 1357 364 1387 terrae
395 1346 636 1395 dicendum,
667 1346 779 1400 quod
806 1347 845 1386 in
875 1347 967 1401 ipsis
994 1348 1111 1397 istis,
1153 1359 1251 1400 quas
1281 1359 1364 1388 me-

241 1431 507 1478 moravhnus,
538 1429 747 1470 doctrinae
776 1429 1069 1480 scholasticae,
1100 1430 1275 1484 septimo
1298 1430 1368 1470 de-

239 1512 351 1552 cimo
394 1514 594 1565 regnantis
639 1511 828 1561 saeculo,
874 1513 1079 1562 mebris,
1130 1512 1266 1566 plures
1315 1512 1367 1553 il-

240 1593 307 1642 la,
345 1594 578 1635 melioribus
611 1595 863 1648 dignissimos
900 1595 1179 1649 temporibus,
1222 1595 1366 1636 extulit

243 1675 506 1731 Theologos!
555 1675 706 1732 Quales
733 1689 774 1718 et
801 1677 902 1718 alios
931 1678 1051 1719 fuisse
1079 1679 1293 1728 novimus,
1325 1689 1366 1718 et

241 1758 382 1805 illum,
425 1772 543 1812 quem
587 1760 755 1801 honoris
794 1760 908 1802 causei
951 1774 1088 1810 voco,
1127 1760 1364 1810 Vommm,

241 1853 284 1881 et
311 1840 568 1884 Ti-:ELINmos
587 1873 599 1892 ,
631 1843 679 1883 ad
705 1844 893 1884 virtutem
929 1845 1062 1884 omnia
1091 1842 1272 1884 alendam
1301 1853 1364 1883 re-

244 1922 444 1973 ferentes,
475 1936 514 1964 et
539 1924 801 1979 COCCEJUM‚
849 1926 964 1980 cujus
991 1938 1097 1966 nunc
1125 1928 1245 1966 etiam
1275 1937 1366 1978 per·

245 2007 376 2059 magni
404 2006 624 2048 aestimatur
649 2021 670 2048 a
699 2008 941 2060 peritissimo
975 2020 1139 2061 quoque
1178 2005 1367 2049 Lexic-on

201 2141 205 2145 ⁸
245 2084 534 2138 Hebraicum,
577 2101 616 2129 et
655 2103 752 2130 vero
796 2090 983 2131 Vestrum
1015 2090 1158 2140 illum,
1203 2090 1252 2131 de
1279 2103 1364 2165 que

246 2165 325 2220 jam
355 2168 463 2219 dixi,
494 2169 786 2214 HERMANNUM
813 2172 1048 2224 W1TsmM‚
1095 2173 1268 2215 mirifico
1295 2185 1367 2226 pa-

1303 2267 1367 2297 cis
