<?xml version="1.0" encoding="UTF-8"?>
<!DOCTYPE html PUBLIC "-//W3C//DTD XHTML 1.0 Transitional//EN"
    "http://www.w3.org/TR/xhtml1/DTD/xhtml1-transitional.dtd">
<html xmlns="http://www.w3.org/1999/xhtml" xml:lang="en" lang="en">
 <head>
  <title>
</title>
<meta http-equiv="Content-Type" content="text/html;charset=utf-8" />
  <meta name='ocr-system' content='tesseract 3.04.00' />
  <meta name='ocr-capabilities' content='ocr_page ocr_carea ocr_par ocr_line ocrx_word'/>
</head>
<body>
  <div class='ocr_page' id='page_1' title='image "annalesacademiae23acad_0588.png"; bbox 0 0 1513 2734; ppageno 0'>
   <div class='ocr_carea' id='block_1_1' title="bbox 715 119 970 174">
    <p class='ocr_par' dir='ltr' id='par_1_1' title="bbox 715 119 970 174">
     <span class='ocr_line' id='line_1_1' title="bbox 715 119 970 174; baseline 0 0"><span class='ocrx_word' id='word_1_1' title='bbox 715 119 970 174; x_wconf 79' lang='lat'>(114)</span> 
     </span>
    </p>
   </div>
   <div class='ocr_carea' id='block_1_2' title="bbox 266 258 1419 1783">
    <p class='ocr_par' dir='ltr' id='par_1_2' title="bbox 266 258 1414 667">
     <span class='ocr_line' id='line_1_2' title="bbox 331 258 1410 314; baseline -0.007 -10"><span class='ocrx_word' id='word_1_2' title='bbox 331 261 597 314; x_wconf 86' lang='lat' dir='ltr'>Perspicuum</span> <span class='ocrx_word' id='word_1_3' title='bbox 621 269 756 299; x_wconf 86' lang='lat' dir='ltr'>autem</span> <span class='ocrx_word' id='word_1_4' title='bbox 787 270 874 308; x_wconf 69' lang='grc' dir='ltr'>εει,</span> <span class='ocrx_word' id='word_1_5' title='bbox 913 271 998 300; x_wconf 88' lang='lat' dir='ltr'>non</span> <span class='ocrx_word' id='word_1_6' title='bbox 1038 258 1262 300; x_wconf 85' lang='lat' dir='ltr'>Sinenfium</span> <span class='ocrx_word' id='word_1_7' title='bbox 1291 268 1410 312; x_wconf 87' lang='lat' dir='ltr'>argu-</span> 
     </span>
     <span class='ocr_line' id='line_1_3' title="bbox 269 326 1410 380; baseline -0.006 -7"><span class='ocrx_word' id='word_1_8' title='bbox 269 344 449 374; x_wconf 86' lang='lat' dir='ltr'>mentum</span> <span class='ocrx_word' id='word_1_9' title='bbox 481 328 621 370; x_wconf 80' lang='lat' dir='ltr'>fallere</span> <span class='ocrx_word' id='word_1_10' title='bbox 645 341 720 368; x_wconf 86' lang='lat' dir='ltr'>nos</span> <span class='ocrx_word' id='word_1_11' title='bbox 751 327 930 378; x_wconf 81' lang='lat' dir='ltr'>debere,</span> <span class='ocrx_word' id='word_1_12' title='bbox 982 340 1106 380; x_wconf 85' lang='lat' dir='ltr'>potus</span> <span class='ocrx_word' id='word_1_13' title='bbox 1132 340 1272 369; x_wconf 87' lang='lat' dir='ltr'>omnes</span> <span class='ocrx_word' id='word_1_14' title='bbox 1312 326 1410 367; x_wconf 87' lang='lat' dir='ltr'>cali-</span> 
     </span>
     <span class='ocr_line' id='line_1_4' title="bbox 268 396 1412 452; baseline -0.006 -10"><span class='ocrx_word' id='word_1_15' title='bbox 268 403 343 442; x_wconf 91' lang='lat' dir='ltr'>dos</span> <span class='ocrx_word' id='word_1_16' title='bbox 370 401 455 441; x_wconf 84' lang='lat' dir='ltr'>esse</span> <span class='ocrx_word' id='word_1_17' title='bbox 482 399 765 447; x_wconf 79' lang='lat' dir='ltr'>adhibendos,</span> <span class='ocrx_word' id='word_1_18' title='bbox 811 400 908 451; x_wconf 85' lang='lat' dir='ltr'>quia</span> <span class='ocrx_word' id='word_1_19' title='bbox 940 397 1098 452; x_wconf 78' lang='lat' dir='ltr'>sanguis</span> <span class='ocrx_word' id='word_1_20' title='bbox 1136 410 1274 438; x_wconf 86' lang='lat' dir='ltr'>noster</span> <span class='ocrx_word' id='word_1_21' title='bbox 1314 396 1412 437; x_wconf 86' lang='lat' dir='ltr'>cali-</span> 
     </span>
     <span class='ocr_line' id='line_1_5' title="bbox 266 465 1414 520; baseline -0.006 -7"><span class='ocrx_word' id='word_1_22' title='bbox 266 472 341 513; x_wconf 89' lang='lat' dir='ltr'>dus</span> <span class='ocrx_word' id='word_1_23' title='bbox 384 471 552 520; x_wconf 79' lang='lat' dir='ltr'>existit3</span> <span class='ocrx_word' id='word_1_24' title='bbox 600 471 752 509; x_wconf 85' lang='lat' dir='ltr'><strong>etenim</strong></span> <span class='ocrx_word' id='word_1_25' title='bbox 781 479 876 509; x_wconf 87' lang='lat' dir='ltr'>tuuc</span> <span class='ocrx_word' id='word_1_26' title='bbox 907 467 1014 509; x_wconf 88' lang='lat' dir='ltr'>haud</span> <span class='ocrx_word' id='word_1_27' title='bbox 1057 467 1298 520; x_wconf 84' lang='lat' dir='ltr'>prodesset;</span> <span class='ocrx_word' id='word_1_28' title='bbox 1346 465 1414 517; x_wconf 86' lang='lat' dir='ltr'>sed</span> 
     </span>
     <span class='ocr_line' id='line_1_6' title="bbox 267 536 1412 594; baseline -0.004 -11"><span class='ocrx_word' id='word_1_29' title='bbox 267 542 432 583; x_wconf 83' lang='lat' dir='ltr'>modice</span> <span class='ocrx_word' id='word_1_30' title='bbox 459 539 606 594; x_wconf 86' lang='lat' dir='ltr'>frigida</span> <span class='ocrx_word' id='word_1_31' title='bbox 638 539 713 588; x_wconf 84' lang='lat' dir='ltr'>fit,</span> <span class='ocrx_word' id='word_1_32' title='bbox 747 550 943 592; x_wconf 82' lang='lat' dir='ltr'>oportet,</span> <span class='ocrx_word' id='word_1_33' title='bbox 989 550 1038 578; x_wconf 90' lang='lat' dir='ltr'>ne</span> <span class='ocrx_word' id='word_1_34' title='bbox 1065 538 1116 578; x_wconf 88' lang='lat' dir='ltr'>ab</span> <span class='ocrx_word' id='word_1_35' title='bbox 1147 536 1272 577; x_wconf 82' lang='lat' dir='ltr'>altera</span> <span class='ocrx_word' id='word_1_36' title='bbox 1297 547 1412 590; x_wconf 82' lang='lat' dir='ltr'>parte</span> 
     </span>
     <span class='ocr_line' id='line_1_7' title="bbox 267 613 614 667; baseline -0.014 -13"><span class='ocrx_word' id='word_1_37' title='bbox 267 613 422 667; x_wconf 79' lang='lat' dir='ltr'>frigore</span> <span class='ocrx_word' id='word_1_38' title='bbox 451 622 614 651; x_wconf 84' lang='lat' dir='ltr'>noceat.</span> 
     </span>
    </p>

    <p class='ocr_par' dir='ltr' id='par_1_3' title="bbox 266 675 1418 1223">
     <span class='ocr_line' id='line_1_8' title="bbox 325 675 1415 730; baseline -0.008 -7"><span class='ocrx_word' id='word_1_39' title='bbox 325 681 511 724; x_wconf 86' lang='lat' dir='ltr'>Multum</span> <span class='ocrx_word' id='word_1_40' title='bbox 547 692 680 721; x_wconf 91' lang='lat' dir='ltr'>autem</span> <span class='ocrx_word' id='word_1_41' title='bbox 698 710 712 728; x_wconf 58' lang='lat'>7</span> <span class='ocrx_word' id='word_1_42' title='bbox 759 692 853 720; x_wconf 92' lang='lat' dir='ltr'>cum</span> <span class='ocrx_word' id='word_1_43' title='bbox 888 689 1028 718; x_wconf 84' lang='lat' dir='ltr'>natura</span> <span class='ocrx_word' id='word_1_44' title='bbox 1053 688 1180 730; x_wconf 86' lang='lat' dir='ltr'>aquae</span> <span class='ocrx_word' id='word_1_45' title='bbox 1210 685 1318 717; x_wconf 88' lang='lat' dir='ltr'>tanta</span> <span class='ocrx_word' id='word_1_46' title='bbox 1348 675 1415 715; x_wconf 90' lang='lat' dir='ltr'>in-</span> 
     </span>
     <span class='ocr_line' id='line_1_9' title="bbox 267 746 1416 803; baseline -0.008 -9"><span class='ocrx_word' id='word_1_47' title='bbox 267 753 427 793; x_wconf 86' lang='lat' dir='ltr'>terdum</span> <span class='ocrx_word' id='word_1_48' title='bbox 455 750 679 803; x_wconf 83' lang='lat' dir='ltr'>conspicua</span> <span class='ocrx_word' id='word_1_49' title='bbox 710 761 771 789; x_wconf 81' lang='lat' dir='ltr'>est</span> <span class='ocrx_word' id='word_1_50' title='bbox 796 748 1044 797; x_wconf 84' lang='lat' dir='ltr'>differentia,</span> <span class='ocrx_word' id='word_1_51' title='bbox 1078 746 1257 795; x_wconf 86' lang='lat' dir='ltr'>interfit,</span> <span class='ocrx_word' id='word_1_52' title='bbox 1291 758 1416 798; x_wconf 90' lang='lat' dir='ltr'>opor·</span> 
     </span>
     <span class='ocr_line' id='line_1_10' title="bbox 269 814 1417 874; baseline -0.006 -11"><span class='ocrx_word' id='word_1_53' title='bbox 269 834 327 864; x_wconf 88' lang='lat' dir='ltr'>tet</span> <span class='ocrx_word' id='word_1_54' title='bbox 349 852 362 871; x_wconf 79' lang='lat'>‚</span> <span class='ocrx_word' id='word_1_55' title='bbox 403 832 600 874; x_wconf 84' lang='lat' dir='ltr'><strong>quaenam</strong></span> <span class='ocrx_word' id='word_1_56' title='bbox 646 819 912 867; x_wconf 84' lang='lat' dir='ltr'>adhibeatur,</span> <span class='ocrx_word' id='word_1_57' title='bbox 958 830 1006 858; x_wconf 89' lang='lat' dir='ltr'>an</span> <span class='ocrx_word' id='word_1_58' title='bbox 1036 817 1228 870; x_wconf 88' lang='lat' dir='ltr'>pluviae,</span> <span class='ocrx_word' id='word_1_59' title='bbox 1266 828 1315 856; x_wconf 86' lang='lat' dir='ltr'>an</span> <span class='ocrx_word' id='word_1_60' title='bbox 1343 814 1417 856; x_wconf 89' lang='lat' dir='ltr'>flu-</span> 
     </span>
     <span class='ocr_line' id='line_1_11' title="bbox 268 886 1418 942; baseline -0.005 -10"><span class='ocrx_word' id='word_1_61' title='bbox 268 893 448 938; x_wconf 79' lang='lat' dir='ltr'>minum,</span> <span class='ocrx_word' id='word_1_62' title='bbox 478 902 528 931; x_wconf 83' lang='lat' dir='ltr'>an</span> <span class='ocrx_word' id='word_1_63' title='bbox 560 889 737 930; x_wconf 87' lang='lat' dir='ltr'>fontium</span> <span class='ocrx_word' id='word_1_64' title='bbox 755 920 769 938; x_wconf 88' lang='lat'>,</span> <span class='ocrx_word' id='word_1_65' title='bbox 814 901 864 928; x_wconf 89' lang='lat' dir='ltr'>an</span> <span class='ocrx_word' id='word_1_66' title='bbox 892 887 970 929; x_wconf 85' lang='lat' dir='ltr'>alia</span> <span class='ocrx_word' id='word_1_67' title='bbox 1004 898 1263 942; x_wconf 83' lang='lat' dir='ltr'>quacumque</span> <span class='ocrx_word' id='word_1_68' title='bbox 1293 886 1418 926; x_wconf 88' lang='lat' dir='ltr'>ratio-</span> 
     </span>
     <span class='ocr_line' id='line_1_12' title="bbox 266 956 1416 1013; baseline -0.004 -13"><span class='ocrx_word' id='word_1_69' title='bbox 266 973 317 1000; x_wconf 89' lang='lat' dir='ltr'>ne</span> <span class='ocrx_word' id='word_1_70' title='bbox 347 959 553 1008; x_wconf 62' lang='lat' dir='ltr'>collecta),</span> <span class='ocrx_word' id='word_1_71' title='bbox 586 961 681 1013; x_wconf 89' lang='lat' dir='ltr'>quia</span> <span class='ocrx_word' id='word_1_72' title='bbox 710 960 956 1012; x_wconf 84' lang='lat' dir='ltr'>proprietati</span> <span class='ocrx_word' id='word_1_73' title='bbox 984 958 1155 1002; x_wconf 84' lang='lat' dir='ltr'>diluenti</span> <span class='ocrx_word' id='word_1_74' title='bbox 1193 956 1271 997; x_wconf 82' lang='lat' dir='ltr'>alia</span> <span class='ocrx_word' id='word_1_75' title='bbox 1296 956 1416 1010; x_wconf 91' lang='lat' dir='ltr'>junc-</span> 
     </span>
     <span class='ocr_line' id='line_1_13' title="bbox 267 1027 1418 1080; baseline -0.006 -8"><span class='ocrx_word' id='word_1_76' title='bbox 267 1042 308 1072; x_wconf 86' lang='lat' dir='ltr'>ta</span> <span class='ocrx_word' id='word_1_77' title='bbox 333 1041 395 1071; x_wconf 91' lang='lat' dir='ltr'>est</span> <span class='ocrx_word' id='word_1_78' title='bbox 424 1029 607 1073; x_wconf 87' lang='lat' dir='ltr'>solvendi</span> <span class='ocrx_word' id='word_1_79' title='bbox 640 1043 679 1069; x_wconf 91' lang='lat' dir='ltr'>v.</span> <span class='ocrx_word' id='word_1_80' title='bbox 712 1043 748 1069; x_wconf 92' lang='lat' dir='ltr'>c.</span> <span class='ocrx_word' id='word_1_81' title='bbox 785 1040 854 1069; x_wconf 88' lang='lat' dir='ltr'>aut</span> <span class='ocrx_word' id='word_1_82' title='bbox 877 1027 1133 1078; x_wconf 82' lang='lat' dir='ltr'>roborandi,</span> <span class='ocrx_word' id='word_1_83' title='bbox 1181 1027 1285 1080; x_wconf 84' lang='lat' dir='ltr'>ipsas</span> <span class='ocrx_word' id='word_1_84' title='bbox 1324 1038 1418 1078; x_wconf 85' lang='lat' dir='ltr'>par·</span> 
     </span>
     <span class='ocr_line' id='line_1_14' title="bbox 268 1099 1418 1153; baseline -0.006 -11"><span class='ocrx_word' id='word_1_85' title='bbox 268 1113 330 1142; x_wconf 86' lang='lat' dir='ltr'>tes</span> <span class='ocrx_word' id='word_1_86' title='bbox 372 1100 561 1153; x_wconf 85' lang='lat' dir='ltr'>corporis</span> <span class='ocrx_word' id='word_1_87' title='bbox 603 1099 762 1146; x_wconf 80' lang='lat' dir='ltr'>nostri,</span> <span class='ocrx_word' id='word_1_88' title='bbox 804 1110 907 1151; x_wconf 87' lang='lat' dir='ltr'>quae</span> <span class='ocrx_word' id='word_1_89' title='bbox 949 1109 1094 1151; x_wconf 83' lang='lat' dir='ltr'>aquam</span> <span class='ocrx_word' id='word_1_90' title='bbox 1131 1107 1295 1136; x_wconf 88' lang='lat' dir='ltr'>naturae</span> <span class='ocrx_word' id='word_1_91' title='bbox 1321 1107 1418 1136; x_wconf 91' lang='lat' dir='ltr'>nos-</span> 
     </span>
     <span class='ocr_line' id='line_1_15' title="bbox 266 1163 1370 1223; baseline -0.005 -11"><span class='ocrx_word' id='word_1_92' title='bbox 266 1183 351 1212; x_wconf 85' lang='lat' dir='ltr'>trae</span> <span class='ocrx_word' id='word_1_93' title='bbox 378 1170 630 1223; x_wconf 82' lang='lat' dir='ltr'>aliquantum</span> <span class='ocrx_word' id='word_1_94' title='bbox 661 1166 876 1208; x_wconf 71' lang='lat' dir='ltr'>assimilare</span> <span class='ocrx_word' id='word_1_95' title='bbox 907 1167 1088 1216; x_wconf 88' lang='lat' dir='ltr'>debent,</span> <span class='ocrx_word' id='word_1_96' title='bbox 1119 1163 1370 1220; x_wconf 78' lang='lat' dir='ltr'>adjuvantes.</span> 
     </span>
    </p>

    <p class='ocr_par' dir='ltr' id='par_1_4' title="bbox 267 1236 1419 1783">
     <span class='ocr_line' id='line_1_16' title="bbox 325 1236 1418 1294; baseline -0.005 -13"><span class='ocrx_word' id='word_1_97' title='bbox 325 1241 448 1294; x_wconf 88' lang='lat' dir='ltr'>Aqua</span> <span class='ocrx_word' id='word_1_98' title='bbox 473 1239 524 1279; x_wconf 83' lang='lat' dir='ltr'>ab</span> <span class='ocrx_word' id='word_1_99' title='bbox 552 1239 664 1279; x_wconf 87' lang='lat' dir='ltr'>omni</span> <span class='ocrx_word' id='word_1_100' title='bbox 691 1249 805 1290; x_wconf 85' lang='lat' dir='ltr'>parte</span> <span class='ocrx_word' id='word_1_101' title='bbox 833 1250 962 1290; x_wconf 84' lang='lat' dir='ltr'>pura,</span> <span class='ocrx_word' id='word_1_102' title='bbox 1009 1237 1130 1290; x_wconf 89' lang='lat' dir='ltr'>potui</span> <span class='ocrx_word' id='word_1_103' title='bbox 1153 1237 1222 1278; x_wconf 85' lang='lat' dir='ltr'>vix</span> <span class='ocrx_word' id='word_1_104' title='bbox 1250 1236 1418 1278; x_wconf 90' lang='lat' dir='ltr'>inservi-</span> 
     </span>
     <span class='ocr_line' id='line_1_17' title="bbox 267 1305 1417 1363; baseline -0.004 -12"><span class='ocrx_word' id='word_1_105' title='bbox 267 1322 311 1352; x_wconf 82' lang='lat' dir='ltr'>re</span> <span class='ocrx_word' id='word_1_106' title='bbox 348 1320 512 1363; x_wconf 78' lang='lat' dir='ltr'>potest,</span> <span class='ocrx_word' id='word_1_107' title='bbox 558 1309 653 1362; x_wconf 83' lang='lat' dir='ltr'>quia</span> <span class='ocrx_word' id='word_1_108' title='bbox 699 1307 842 1360; x_wconf 87' lang='lat' dir='ltr'>sapore</span> <span class='ocrx_word' id='word_1_109' title='bbox 883 1307 922 1348; x_wconf 88' lang='lat' dir='ltr'>se</span> <span class='ocrx_word' id='word_1_110' title='bbox 962 1309 1095 1348; x_wconf 90' lang='lat' dir='ltr'>minus</span> <span class='ocrx_word' id='word_1_111' title='bbox 1128 1305 1417 1354; x_wconf 85' lang='lat' dir='ltr'>commendat,</span> 
     </span>
     <span class='ocr_line' id='line_1_18' title="bbox 268 1376 1418 1435; baseline -0.005 -14"><span class='ocrx_word' id='word_1_112' title='bbox 268 1393 390 1435; x_wconf 86' lang='lat' dir='ltr'>atque</span> <span class='ocrx_word' id='word_1_113' title='bbox 414 1378 528 1420; x_wconf 89' lang='lat' dir='ltr'>nulla</span> <span class='ocrx_word' id='word_1_114' title='bbox 553 1378 632 1418; x_wconf 85' lang='lat' dir='ltr'>alia</span> <span class='ocrx_word' id='word_1_115' title='bbox 659 1379 808 1418; x_wconf 84' lang='lat' dir='ltr'>virtute</span> <span class='ocrx_word' id='word_1_116' title='bbox 826 1408 840 1426; x_wconf 81' lang='lat'><strong>‚</strong></span> <span class='ocrx_word' id='word_1_117' title='bbox 871 1378 943 1419; x_wconf 87' lang='lat' dir='ltr'>nifi</span> <span class='ocrx_word' id='word_1_118' title='bbox 975 1377 1158 1435; x_wconf 81' lang='lat' dir='ltr'>diluente</span> <span class='ocrx_word' id='word_1_119' title='bbox 1176 1407 1190 1427; x_wconf 86' lang='lat'>‚</span> <span class='ocrx_word' id='word_1_120' title='bbox 1237 1376 1418 1430; x_wconf 81' lang='lat' dir='ltr'>praedita</span> 
     </span>
     <span class='ocr_line' id='line_1_19' title="bbox 267 1447 1418 1499; baseline -0.005 -8"><span class='ocrx_word' id='word_1_121' title='bbox 267 1462 358 1499; x_wconf 69' lang='grc' dir='ltr'><strong>θεῖε,</strong></span> <span class='ocrx_word' id='word_1_122' title='bbox 390 1450 500 1491; x_wconf 91' lang='lat' dir='ltr'>hunc</span> <span class='ocrx_word' id='word_1_123' title='bbox 535 1459 670 1488; x_wconf 86' lang='lat' dir='ltr'>autem</span> <span class='ocrx_word' id='word_1_124' title='bbox 701 1447 894 1487; x_wconf 89' lang='lat' dir='ltr'>effectum</span> <span class='ocrx_word' id='word_1_125' title='bbox 924 1449 949 1488; x_wconf 87' lang='lat' dir='ltr'>fi</span> <span class='ocrx_word' id='word_1_126' title='bbox 983 1447 1268 1488; x_wconf 87' lang='lat' dir='ltr'>tantummodo</span> <span class='ocrx_word' id='word_1_127' title='bbox 1300 1457 1418 1499; x_wconf 88' lang='lat' dir='ltr'>opta-</span> 
     </span>
     <span class='ocr_line' id='line_1_20' title="bbox 268 1516 1418 1571; baseline -0.005 -10"><span class='ocrx_word' id='word_1_128' title='bbox 268 1522 404 1568; x_wconf 88' lang='lat' dir='ltr'>veris,</span> <span class='ocrx_word' id='word_1_129' title='bbox 449 1519 606 1571; x_wconf 90' lang='lat' dir='ltr'>optime</span> <span class='ocrx_word' id='word_1_130' title='bbox 656 1516 727 1556; x_wconf 84' lang='lat' dir='ltr'>illa</span> <span class='ocrx_word' id='word_1_131' title='bbox 769 1517 866 1558; x_wconf 86' lang='lat' dir='ltr'>huic</span> <span class='ocrx_word' id='word_1_132' title='bbox 907 1516 976 1556; x_wconf 88' lang='lat' dir='ltr'>fini</span> <span class='ocrx_word' id='word_1_133' title='bbox 1027 1517 1211 1557; x_wconf 85' lang='lat' dir='ltr'>adhiberi</span> <span class='ocrx_word' id='word_1_134' title='bbox 1265 1527 1418 1568; x_wconf 85' lang='lat' dir='ltr'>potest.</span> 
     </span>
     <span class='ocr_line' id='line_1_21' title="bbox 269 1585 1416 1645; baseline -0.003 -15"><span class='ocrx_word' id='word_1_135' title='bbox 269 1589 382 1645; x_wconf 78' lang='lat' dir='ltr'>Quia</span> <span class='ocrx_word' id='word_1_136' title='bbox 421 1599 555 1628; x_wconf 87' lang='lat' dir='ltr'>autem</span> <span class='ocrx_word' id='word_1_137' title='bbox 598 1587 638 1626; x_wconf 88' lang='lat' dir='ltr'>iu</span> <span class='ocrx_word' id='word_1_138' title='bbox 682 1587 832 1625; x_wconf 81' lang='lat' dir='ltr'>nostris</span> <span class='ocrx_word' id='word_1_139' title='bbox 870 1588 986 1637; x_wconf 82' lang='lat' dir='ltr'>aquis</span> <span class='ocrx_word' id='word_1_140' title='bbox 1014 1596 1191 1637; x_wconf 82' lang='lat' dir='ltr'>corpora</span> <span class='ocrx_word' id='word_1_141' title='bbox 1219 1585 1416 1638; x_wconf 83' lang='lat' dir='ltr'>quaedam</span> 
     </span>
     <span class='ocr_line' id='line_1_22' title="bbox 270 1653 1419 1711; baseline -0.003 -11"><span class='ocrx_word' id='word_1_142' title='bbox 270 1659 428 1711; x_wconf 90' lang='lat' dir='ltr'>semper</span> <span class='ocrx_word' id='word_1_143' title='bbox 459 1656 547 1697; x_wconf 91' lang='lat' dir='ltr'>sunt</span> <span class='ocrx_word' id='word_1_144' title='bbox 576 1657 768 1703; x_wconf 81' lang='lat' dir='ltr'>inventa,</span> <span class='ocrx_word' id='word_1_145' title='bbox 802 1655 1011 1695; x_wconf 82' lang='lat' dir='ltr'>videamus</span> <span class='ocrx_word' id='word_1_146' title='bbox 1041 1654 1090 1694; x_wconf 89' lang='lat' dir='ltr'>de</span> <span class='ocrx_word' id='word_1_147' title='bbox 1119 1653 1297 1708; x_wconf 87' lang='lat' dir='ltr'>ipsorum</span> <span class='ocrx_word' id='word_1_148' title='bbox 1322 1667 1419 1709; x_wconf 87' lang='lat' dir='ltr'>pro-</span> 
     </span>
     <span class='ocr_line' id='line_1_23' title="bbox 270 1723 1159 1783; baseline -0.004 -14"><span class='ocrx_word' id='word_1_149' title='bbox 270 1727 513 1783; x_wconf 84' lang='lat' dir='ltr'>prietatibus</span> <span class='ocrx_word' id='word_1_150' title='bbox 531 1756 543 1776; x_wconf 88' lang='lat'>,</span> <span class='ocrx_word' id='word_1_151' title='bbox 576 1725 713 1778; x_wconf 85' lang='lat' dir='ltr'>quoad</span> <span class='ocrx_word' id='word_1_152' title='bbox 741 1737 928 1766; x_wconf 86' lang='lat' dir='ltr'>nostrum</span> <span class='ocrx_word' id='word_1_153' title='bbox 969 1723 1159 1779; x_wconf 90' lang='lat' dir='ltr'>scopum.</span> 
     </span>
    </p>
   </div>
   <div class='ocr_carea' id='block_1_3' title="bbox 272 1865 1420 2085">
    <p class='ocr_par' dir='ltr' id='par_1_5' title="bbox 272 1865 1420 2085">
     <span class='ocr_line' id='line_1_24' title="bbox 272 1865 1418 1911; baseline -0.005 -6"><span class='ocrx_word' id='word_1_154' title='bbox 272 1871 378 1905; x_wconf 83' lang='lat' dir='ltr'>dicit:</span> <span class='ocrx_word' id='word_1_155' title='bbox 410 1894 432 1911; x_wconf 93' lang='lat'>„</span> <span class='ocrx_word' id='word_1_156' title='bbox 455 1868 582 1901; x_wconf 86' lang='lat' dir='ltr'>Verum</span> <span class='ocrx_word' id='word_1_157' title='bbox 611 1867 786 1899; x_wconf 86' lang='lat' dir='ltr'>enimvero</span> <span class='ocrx_word' id='word_1_158' title='bbox 814 1865 930 1908; x_wconf 69' lang='lat' dir='ltr'>quodfi</span> <span class='ocrx_word' id='word_1_159' title='bbox 959 1865 1238 1900; x_wconf 79' lang='lat' dir='ltr'>medicamentum</span> <span class='ocrx_word' id='word_1_160' title='bbox 1282 1866 1315 1899; x_wconf 89' lang='lat' dir='ltr'>in</span> <span class='ocrx_word' id='word_1_161' title='bbox 1344 1866 1418 1900; x_wconf 87' lang='lat' dir='ltr'>uni-</span> 
     </span>
     <span class='ocr_line' id='line_1_25' title="bbox 273 1923 1419 1974; baseline -0.004 -13"><span class='ocrx_word' id='word_1_162' title='bbox 273 1954 297 1974; x_wconf 80' lang='lat'>„</span> <span class='ocrx_word' id='word_1_163' title='bbox 320 1929 412 1961; x_wconf 85' lang='lat' dir='ltr'>versa</span> <span class='ocrx_word' id='word_1_164' title='bbox 424 1934 537 1958; x_wconf 87' lang='lat' dir='ltr'>rerum</span> <span class='ocrx_word' id='word_1_165' title='bbox 565 1931 677 1956; x_wconf 86' lang='lat' dir='ltr'>natura</span> <span class='ocrx_word' id='word_1_166' title='bbox 705 1923 818 1963; x_wconf 78' lang='lat' dir='ltr'>datur,</span> <span class='ocrx_word' id='word_1_167' title='bbox 844 1923 935 1966; x_wconf 80' lang='lat' dir='ltr'>quod</span> <span class='ocrx_word' id='word_1_168' title='bbox 965 1923 1149 1956; x_wconf 75' lang='lat' dir='ltr'>universale</span> <span class='ocrx_word' id='word_1_169' title='bbox 1174 1923 1332 1966; x_wconf 81' lang='lat' dir='ltr'>appellari</span> <span class='ocrx_word' id='word_1_170' title='bbox 1347 1932 1419 1956; x_wconf 84' lang='lat' dir='ltr'>me-</span> 
     </span>
     <span class='ocr_line' id='line_1_26' title="bbox 272 1971 1420 2030; baseline -0.003 -12"><span class='ocrx_word' id='word_1_171' title='bbox 272 2011 297 2030; x_wconf 88' lang='lat'>„</span> <span class='ocrx_word' id='word_1_172' title='bbox 320 1985 396 2023; x_wconf 78' lang='lat' dir='ltr'>t‘ur,</span> <span class='ocrx_word' id='word_1_173' title='bbox 420 1990 516 2016; x_wconf 87' lang='lat' dir='ltr'>certe</span> <span class='ocrx_word' id='word_1_174' title='bbox 543 1979 623 2013; x_wconf 86' lang='lat' dir='ltr'>illud</span> <span class='ocrx_word' id='word_1_175' title='bbox 649 1990 714 2013; x_wconf 87' lang='lat' dir='ltr'>non</span> <span class='ocrx_word' id='word_1_176' title='bbox 736 1980 847 2022; x_wconf 80' lang='lat' dir='ltr'>aliud,</span> <span class='ocrx_word' id='word_1_177' title='bbox 871 1988 991 2014; x_wconf 85' lang='lat' dir='ltr'>nostro</span> <span class='ocrx_word' id='word_1_178' title='bbox 1019 1979 1154 2024; x_wconf 87' lang='lat' dir='ltr'>quidem</span> <span class='ocrx_word' id='word_1_179' title='bbox 1173 1971 1336 2024; x_wconf 49' lang='lat' dir='ltr'>iudicio?</span> <span class='ocrx_word' id='word_1_180' title='bbox 1367 1988 1420 2022; x_wconf 75' lang='lat' dir='ltr'>est</span> 
     </span>
     <span class='ocr_line' id='line_1_27' title="bbox 272 2036 773 2085; baseline -0.012 -10"><span class='ocrx_word' id='word_1_181' title='bbox 272 2067 296 2085; x_wconf 86' lang='lat'>,‚</span> <span class='ocrx_word' id='word_1_182' title='bbox 320 2048 417 2083; x_wconf 79' lang='lat' dir='ltr'>quam</span> <span class='ocrx_word' id='word_1_183' title='bbox 444 2046 532 2080; x_wconf 66' lang='lat' dir='ltr'>aqua</span> <span class='ocrx_word' id='word_1_184' title='bbox 555 2036 773 2071; x_wconf 83' lang='lat' dir='ltr'>communis.&#39;’</span> 
     </span>
    </p>
   </div>
   <div class='ocr_carea' id='block_1_4' title="bbox 1304 2210 1411 2264">
    <p class='ocr_par' dir='ltr' id='par_1_6' title="bbox 1304 2210 1411 2264">
     <span class='ocr_line' id='line_1_28' title="bbox 1304 2210 1411 2264; baseline -0.009 -12"><span class='ocrx_word' id='word_1_185' title='bbox 1304 2212 1330 2264; x_wconf 68' lang='lat' dir='ltr'><strong><em>s</em></strong></span> <span class='ocrx_word' id='word_1_186' title='bbox 1360 2210 1411 2252; x_wconf 91' lang='lat'>11.</span> 
     </span>
    </p>
   </div>
  </div>
 </body>
</html>
