1513 2734
548 136 592 204 ³(
651 150 734 204 287
792 145 824 199 3

299 282 525 341 Dissensits
547 286 663 327 inter
685 286 798 326 viros
825 283 959 325 doctos
969 313 989 333 ,.
1013 296 1111 338 quo-

299 357 362 397 ad
378 354 738 411 praesumtionem
767 355 1039 396 liberationis
1065 381 1113 391 —

297 440 511 481 quaenam
517 423 662 481 fuerit
677 438 790 466 mens
802 424 1063 478 legislatoris
1077 450 1114 459 -

297 496 346 536 de
354 494 503 551 forma¹
519 495 623 549 legis
645 523 690 533 .-
715 493 764 534 de
779 492 1029 553 differentia
1043 494 1112 535 in*

294 576 366 608 ter
380 567 484 607 Art.
505 566 611 606 1282
627 574 668 605 et
687 564 792 604 Art.
816 565 922 617 1283
950 560 1112 616 -Jen-
1181 614 1183 616 q

295 636 459 679 tentiae
474 634 835 676 Conciliariorum
850 643 976 689 atque
995 630 1110 676 Ora-

225 725 227 727 *
295 702 441 749 torum.
458 702 593 759 super
613 703 807 745 laudatis
822 703 1040 746 Articulis
1065 730 1112 742 -

286 772 553 830 praesumtio
582 774 857 816 liberationis
895 785 958 816 est
985 775 1107 830 juris

294 854 480 887 tantum.

122 913 147 967 S
177 911 251 955 XI.
282 913 353 955 De
395 916 440 957 νὶ
483 913 717 957 tribuenda
762 910 1106 969 praesumtioni,

291 998 400 1040 quae
421 986 565 1027 oritur
586 998 641 1034 ex
664 998 712 1025 re
728 983 950 1039 judicata.
1011 983 1121 1038 Pag.

289 1052 360 1094 De
367 1051 588 1108 sententia*
612 1064 803 1097 veterum
815 1050 1107 1108 Iurisconsul-

290 1132 432 1162 torum
459 1148 505 1158 -
523 1119 769 1176 fiententiae
794 1123 1031 1164 Oratorum
1061 1148 1108 1157 —

279 1187 501 1245 fintentia
528 1189 822 1245 Interpretum
839 1222 852 1242 ‚
885 1192 930 1234 in
947 1193 1108 1246 primis

289 1259 620 1302 Toullierii
650 1290 695 1301 -..
724 1259 965 1317 responsum
1002 1261 1108 1304 Con-

287 1331 408 1380 citii,
440 1345 475 1372 c.
506 1331 725 1382 t.vC0nseil
742 1331 884 1375 d'Etat
910 1361 955 1369 -
972 1341 1107 1388 prae-

286 1409 410 1454 cepta
428 1400 737 1458 philosophiae
765 1432 811 1442 ....
841 1401 1107 1458 praesumtio

286 1472 356 1512 rei
369 1471 598 1526 judicatae
622 1484 684 1515 est
690 1474 813 1527 juris
828 1483 869 1515 et
884 1474 933 1514 de
941 1474 1047 1527 jure
1063 1500 1108 1511 .-

285 1553 355 1581 res
399 1542 608 1595 judicata
647 1541 854 1596 producit
894 1543 1105 1595 exceptio-

286 1623 381 1650 nem
411 1637 455 1646 -
484 1611 678 1663 quomodo
701 1612 812 1663 leges
828 1611 1004 1663 judicia
1030 1624 1104 1652 ex-

280 1667 524 1734 sequantur
539 1679 657 1732 apud
667 1680 782 1720 alias
803 1689 950 1733 gentes
977 1705 1021 1714 -
1053 1679 1103 1720 de

279 1749 459 1803 judiciis
494 1750 624 1790 nullis
655 1765 708 1786 -“
729 1750 883 1804 quoad
908 1763 1006 1800 res,
1050 1749 1101 1791 de

288 1819 438 1874 quihus
460 1820 613 1873 agitur
643 1849 688 1857 -.
715 1819 856 1874 quoad
865 1817 1099 1873 personas,

286 1901 395 1943 quae
409 1898 544 1942 agunt
571 1916 616 1924 -
644 1889 784 1944 quoad
788 1878 977 1943 judicem
995 1919 1008 1940 ‚
1035 1904 1098 1931 co·

250 1968 260 1980 ¹
285 1971 384 2000 ram
415 1953 492 2012 quo
521 1959 688 2013 agitur.

115 2025 141 2080 S
173 2025 266 2070 XII.
295 2027 366 2069 De
393 2029 526 2083 causis
543 2060 556 2080 ‚
588 2028 660 2070 ubi
688 2029 759 2070 lex
787 2027 982 2070 admittit
995 2037 1097 2082 pro-

262 2097 496 2147 bationem
534 2099 748 2142 contrarii
791 2098 943 2140 contra
962 2107 1096 2154 prae-

1149 997 1244 1038 213.

1124 2166 1240 2222 sum-
1309 2152 1312 2155 Δ
