1513 2734
503 119 726 181 (79)

116 287 148 318 9,
175 275 314 318 petat,
370 265 562 318 exceptio
617 264 676 304 rei
710 264 922 319 judicatae
960 273 1118 314 nocet;

115 358 146 388 9,
175 347 266 376 nam
284 332 454 388 :parsin
483 345 573 375 toto
593 346 683 376 -estz
728 335 880 376 eadem*
907 335 1015 375 enim
1055 345 1119 374 res

114 432 146 459 „
174 406 411 458 accipitur,
434 415 475 445 et
504 406 530 446 fi
553 417 646 458 pars
674 417 832 458 petatur
859 406 975 459 ejus,
1008 403 1122 457 quod

114 503 145 529 „
176 486 306 516 totum
335 475 509 527 petitum
537 474 609 523 fit,
641 487 716 516 nec
748 477 947 523 interest,
984 484 1120 515 utrum

113 572 145 598 „
174 545 215 585 in
257 543 546 597 corporehoc
565 554 803 596 quaeratur,
840 556 895 585 an
923 546 962 584 in
993 554 1120 597 quam·

114 641 144 667 „
175 616 286 654 titate
321 613 384 654 vel
414 615 467 653 sin
508 615 643 667 jure.”
703 614 900 668 Denique
934 613 1121 655 es'tillud

112 684 332 724 notandum
350 713 362 732 ‚
395 695 487 724 cum
515 684 784 725 accessorium
811 682 1120 738 smeprincipali

111 746 247 797 adesse
262 763 466 807 nequeat,
509 755 730 806 quicum,
748 754 973 807 principale
1001 754 1120 806 petiit

110 824 326 877 victusque
355 823 458 873 suit,
501 834 645 876 postea
672 823 943 865 accessorium
979 833 1120 876 petere

112 905 196 934 non
236 893 370 947 posse.
444 922 472 947 „
515 892 558 934 Si
598 891 785 934 ancillam
832 903 1122 947 praegnantem

112 991 141 1016 „
171 964 358 1016 petiero,
391 974 431 1004 et
463 973 559 1017 post
583 962 703 1004 litem‘
726 973 992 1004 contestatam
1019 974 1148 1004 con·.·

110 1061 142 1086 ‚,
172 1035 326 1087 ceperit
366 1046 408 1074 et
446 1035 634 1088 peperit,
692 1045 789 1074 mox
831 1044 988 1086 partem
1031 1030 1144 1087 ejus'

110 1131 140 1156 ‚,
169 1115 331 1157 petam,
374 1116 507 1145 utrum
536 1104 642 1144 idem
682 1112 822 1155 petere
843 1103 1025 1152 videor,
1068 1115 1119 1143 an

109 1202 140 1227 ,‚
169 1174 306 1225 aliud,
337 1187 503 1229 magnae
532 1173 781 1228 quaestionis
811 1184 884 1213 est.
908 1192 911 1198 s
945 1172 1003 1214 Et
1026 1174 1118 1226 qui-

110 1272 139 1296 „
170 1245 261 1286 dem
290 1247 345 1286 ita
374 1245 531 1286 definiri
560 1256 725 1298 potest,
772 1244 923 1284 totiens
950 1244 1119 1285 eandem

109 1321 139 1365 ’,,
169 1326 253 1355 rem
281 1316 374 1369 agi,
391 1321 402 1337 ³
420 1316 612 1369 quotiens
638 1313 744 1369 apud
770 1314 951 1369 judicem
979 1323 1120 1367 poste..

109 1413 139 1437 ‚‚
169 1385 318 1433 riorem
360 1384 401 1426 id
438 1387 670 1438 quaeritur,
715 1384 830 1438 quod
870 1382 978 1437 apud
1004 1385 1118 1437 prio-

108 1483 139 1508 „
167 1467 253 1495 rem
294 1456 514 1508 quaesitum
551 1466 640 1495 est:
683 1455 725 1495 in
766 1455 827 1494 his
869 1455 993 1508 igitur
1033 1453 1120 1494 fere

107 1553 138 1578 ‚,
167 1525 358 1566 omnibus
397 1518 592 1578 exceptio
639 1519 725 1578 (r'ei
765 1522 994 1578 judicatae)
1041 1536 1118 1564 no-

109 1624 139 1648 „
169 1594 264 1636 cet'’
295 1592 392 1649 (1).
465 1594 504 1634 A
539 1587 870 1649 regula'autem,
912 1606 1016 1648 quae
1047 1593 1117 1635 hic

108 1667 231 1707 etiam
257 1664 391 1714 valet,
437 1663 594 1704 scilicet
618 1675 740 1713 eum,
786 1665 856 1716 qui
885 1665 1017 1704 minus
1045 1676 1119 1717 pe-

111 1737 206 1784 tiit,
251 1736 464 1787 victusque
503 1732 610 1783 fuit,
658 1744 802 1787 postea
845 1733 937 1786 plus
980 1744 1118 1787 petere

108 1810 192 1846 non
233 1804 381 1859 posse,
427 1816 628 1858 quamque
668 1803 847 1857 explicat
891 1803 1118 1845 Africa-

108 1888 209 1916 nus
235 1873 347 1927 (2),
393 1873 508 1914 datur
537 1875 729 1928 exceptio
759 1876 798 1914 in
826 1878 911 1922 eo‚'
947 1875 1060 1929 quod
1089 1876 1119 1917 fi

110 1946 200 2000 quis
229 1947 306 1986 iter
333 1945 452 1998 petiit
483 1955 526 2001 et
550 1945 682 1989 victus
721 1945 828 1994 fuit,
872 1956 1043 1999 postea,
1089 1946 1117 1987 fi

1049 2027 1116 2057 ac-

154 2103 218 2151 (1)
241 2105 319 2140 Vid.
346 2104 380 2139 d.
403 2105 424 2139 1.
453 2114 485 2149 7.
514 2107 532 2150 §
558 2112 588 2140 ιθ.

154 2161 218 2207 (2)
242 2163 279 2196 In
298 2163 365 2204 leg.
387 2161 443 2196 26.
458 2159 497 2204 ff?
527 2162 593 2196 eod.
