1513 2734
815 120 1041 198 (84)

445 278 619 328 dixerit,
675 278 912 333 exceptioni
953 281 1012 321 rei
1057 280 1261 335 judicatae
1299 282 1441 328 locum

441 358 526 387 non
553 345 667 397 esse,
694 347 766 389 nifi
794 347 935 390 eadem
965 362 1027 390 res
1061 363 1112 393 ex
1150 351 1289 395 eadem
1332 354 1448 396 causa

440 426 632 470 petatur,
661 416 830 459 definire
853 429 932 459 nos
947 430 1136 472 oportet,
1165 434 1359 475 quaenam
1372 435 1449 465 vo-

439 487 524 528 cari
553 488 680 541 posfit
708 487 825 529 causa
851 488 1032 542 petendi.
1091 488 1232 532 Nobis
1255 493 1447 544 videtur,

440 557 511 597 sub
553 557 629 599 hac
669 570 775 599 voce
812 559 1183 616 optime'intelligi
1223 562 1342 615 posse
1386 576 1448 605 ra·

441 628 594 669 tionem
611 659 625 679 ,
652 629 730 682 qua
757 627 890 677 fretus
914 630 1120 670 actionem
1146 629 1294 684 aliquis
1337 632 1448 674 insti-

441 699 531 739 tuit.
605 696 722 740 Hanc
766 700 964 740 rationem
1006 697 1167 756 (motis
1191 701 1450 757 juridique)

442 769 643 824 originem
677 768 842 822 petendi
880 780 1004 811 vocat
1044 769 1112 811 CI.
1156 770 1307 816 Voet
1335 768 1448 825 (1),

442 844 484 880 et
510 839 667 880 causam
691 840 920 893 proximam
959 841 1134 882 actionis
1174 840 1450 896 Jurisconsul·

254 924 390 959 causam
444 920 507 951 tus
547 908 825 952 Neratius
868 906 980 963 (2),
1020 909 1136 965 euJus
1167 910 1448 954 definitionem

230 971 430 1049 {gffiffggt
444 980 621 1023 admittit
661 978 730 1021 Cl.
774 977 1048 1021 Toullier
1087 979 1185 1036 (3).
1260 980 1328 1025 Ex
1370 982 1446 1024 hac

230 1060 410 1094 Nerati·
443 1063 577 1093 autem
626 1050 862 1092 definitione
914 1050 1118 1104 sequitur,
1160 1062 1243 1092 non
1293 1062 1448 1094 tantum

231 1113 295 1138 '³⁵'
445 1123 581 1177 plures
615 1121 699 1162 esse
734 1120 852 1176 posse
879 1122 997 1162 unius
1026 1120 1288 1176 ejusdemque
1316 1122 1446 1164 aetio-

445 1194 508 1234 nis
525 1191 659 1233 causas
675 1221 689 1238 ,
720 1192 933 1246 proximas
946 1203 1044 1244 quas
1059 1192 1295 1234 vocavimus
1310 1222 1325 1241 ,
1356 1192 1447 1242 sed,

444 1261 557 1317 quod
570 1263 611 1303 in
626 1263 767 1316 primis
797 1260 866 1303 hic
895 1260 1024 1310 valet,
1052 1274 1172 1303 unam
1196 1262 1448 1316 eandemque

445 1332 605 1375 causam
633 1332 797 1386 petendi
854 1331 1040 1385 pluribus
1081 1331 1201 1386 posse
1245 1333 1448 1375 contineri

445 1403 700 1454 actionibus,
744 1403 864 1457 cujus
904 1403 962 1444 rei
993 1401 1121 1444 multa
1158 1414 1201 1444 et
1242 1402 1449 1458 praeclara

256 1480 399 1527 Quando
444 1474 630 1529 exempla
665 1473 816 1514 adsunt.
877 1472 946 1513 Sic
975 1484 1013 1512 v.
1041 1485 1106 1527 gr.
1133 1472 1228 1526 Jure
1254 1471 1450 1514 Romano

233 1528 327 1606 ἓξὲξ
345 1537 433 1605 ἐξὲξ,
447 1544 768 1600 obligationibus
793 1541 1043 1596 fimplicibus
1069 1551 1120 1583 ex
1147 1552 1361 1584 contractu
1375 1541 1449 1582 ali-

234 1624 289 1651 tur
308 1616 433 1652 eadem.
445 1628 532 1670 quo
558 1613 896 1656 descendentibus
923 1610 1051 1666 vulgo
1085 1610 1241 1651 additae
1285 1610 1450 1653 fuerunt

444 1685 746 1739 stipulationes:
777 1682 884 1722 unde
912 1681 1089 1730 factum,
1120 1692 1164 1721 ut
1194 1692 1244 1722 ex
1266 1693 1350 1722 uno
1376 1694 1450 1723 eo-

259 1774 291 1800 1.
310 1765 434 1801 Exem-
447 1758 621 1810 demque
649 1764 861 1796 contractu
888 1753 1089 1793 orirentur
1113 1750 1214 1792 duae
1253 1750 1449 1793 diversae-

234 1811 338 1854 plum.
449 1839 528 1882 que
568 1827 779 1871 actiones,
824 1836 866 1864 v.
905 1835 968 1878 gr.
1016 1835 1068 1864 ex
1107 1833 1323 1865 contractu
1363 1834 1448 1863 em·

449 1897 575 1940 tionis
609 1893 882 1944 venditioniS,
935 1894 1046 1935 actio
1088 1894 1187 1934 emti
1215 1892 1367 1935 venditi
1407 1902 1449 1932 et
1487 1927 1498 1952 ,ς

1378 1975 1452 2005 ac-·
1492 1953 1497 1975 '¹

492 2065 558 2113 (ι)
580 2067 603 2102 l.
629 2066 652 2101 1.

493 2121 558 2168 (2)
580 2125 617 2158 In
645 2123 712 2165 leg.
739 2131 793 2165 23.
807 2120 849 2165 ᾖ
873 2122 911 2157 de
927 2121 1062 2166 Except.
1088 2122 1138 2154 rei
1151 2118 1224 2164 jud.

494 2178 558 2226 (3)
579 2179 603 2215 l.
628 2180 651 2215 l.
678 2177 729 2213 11⁰.
760 2177 834 2215 161.
