1513 2734
643 140 845 201 (7)

220 280 766 338 Quemadmodum-enim,
826 283 922 324 hinc
970 291 1017 322 ut
1057 279 1216 332 ordiar,
1259 280 1311 323 ad

181 366 340 421 quasvis
367 365 807 418 procreaudas.he1·bas
837 364 1097 419 plantasque,
1127 376 1211 405 non
1223 377 1313 407 om-

178 450 221 489 ni
248 449 402 501 ubique
432 448 526 489 solo-
548 449 714 490 eandem
742 449 826 490 esse
851 450 932 490 vim
960 448 1144 490 videmus
1170 446 1316 490 aelae-

179 533 342 581 titiam;
374 533 430 572 ita
453 536 615 585 neque,
657 534 697 572 in
743 530 1180 587 fingulisoexcolendis
1219 532 1317 572 arti·

181 614 259 656 bus
286 627 332 654 ac
363 614 560 656 doctrinis
576 645 589 665 ,
621 615 759 656 eadem
784 613 1218 657 cernunturfelicitate
1240 614 1319 655 fin·

182 697 372 752 gulorum
415 704 569 738 mentes
609 698 871 752 populorum¹
900 699 1116 752 animique.
1188 697 1317 739 Fran·

179 793 324 821 corum
353 782 459 821 enim
477 810 490 830 ‚
522 781 584 822 his
614 792 658 822 ut
687 793 802 831 utar,
827 783 932 835 quis
957 780 1174 822 leve-illud
1203 782 1317 836 inge-

183 864 296 904 nium
352 874 392 904 et
434 863 697 905 desultoriam
753 864 805 905 ad
857 864 1170 918 metaphysicas·
1200 875 1318 916 prae-

181 945 316 987 sertim
346 946 611 988 enucleandas
638 948 894 1001 quaestiones
913 946 1078 988 rfactum
1102 946 1186 988 esse
1213 946 1319 986 exis·

183 1021 375 1070 t'imabit?
420 1028 567 1083 Neque
602 1042 706 1071 ¹vero
751 1030 933 1072 Muficae
976 1041 1234 1083 quemquam
1259 1027 1320 1068 fa-

184 1111 360 1161 cultate,
392 1111 503 1153 Italis
530 1124 634 1165 puto
661 1112 728 1152 vel
759 1112 914 1154 Russos
942 1112 1065 1161 esse,
1083 1111 1148 1152 vel
1175 1109 1321 1153 Dauos

183 1206 251 1234 aut
280 1193 680 1246 praelaturam,>aut
701 1205 1057 1247 comparaturum*
1103 1193 1321 1248 Belgarum

183 1288 317 1318 autem
376 1289 459 1317 non
515 1276 652 1317 infima
702 1288 763 1318 est
801 1277 900 1318 haee
939 1276 1026 1318 laus
1071 1276 1322 1331 reputanda,

183 1360 327 1414 quod,
372 1360 602 1413 cuicunque
636 1360 711 1401 arti
737 1373 784 1401 ac
825 1359 1063 1409 doctrinae,
1105 1372 1207 1414 quae
1234 1360 1324 1413 qui·

184 1443 277 1484 dem
321 1442 386 1483 vel
425 1431 577 1498 ingenii
613 1442 820 1484 celeritate
859 1443 924 1484 vel
952 1443 1069 1486 studii
1096 1444 1325 1485 continere-

184 1537 250 1567 tur
280 1526 538 1576 asfiduitate‚
583 1526 862 1568 vehementius
901 1526 982 1567 sese
1023 1526 1326 1581 applicuerint,

183 1610 241 1649 ita
276 1610 316 1649 in
354 1609 401 1650 ea
445 1609 532 1650 sunt
576 1609 748 1659 versati,
794 1622 839 1650 ut
880 1610 1031 1652 nullius
1070 1623 1154 1652 non
1180 1610 1329 1664 populi

186 1691 348 1732 dubiam
395 1692 606 1733 redderent
644 1694 873 1734 victoriam.
941 1693 1022 1735 Sed
1062 1694 1111 1735 de
1141 1695 1202 1734 his
1229 1693 1328 1734 alibi

187 1786 366 1833 agemus.
439 1774 504 1815 Illi
542 1775 803 1828 praesertim,
847 1789 950 1830 quae
983 1790 1007 1818 a
1045 1775 1137 1818 Deo
1178 1789 1329 1818 nomen

187 1857 349 1899 duxerit
389 1859 711 1913 cognoscendo,
758 1859 997 1914 disciplinae
1045 1859 1328 1910 exornandae,

186 1943 355 1996 ‘egregie
400 1941 738 1982 accommodatos
778 1942 863 1982 esse
903 1955 1136 1984 nostrorum
1174 1944 1330 1984 animos

193 2023 478 2076 popularium,
512 2024 629 2066 causa
657 2025 816 2066 videtur
840 2026 1049 2079 postulare
1066 2056 1080 2076 ‚
1117 2037 1162 2068 ut
1188 2027 1329 2080 paucis

193 2106 464 2148 ostendamus.

212 2188 231 2225 {f
253 2189 389 2243 Atque
429 2190 496 2232 hic
532 2203 623 2233 ante
664 2194 799 2241 omnia
838 2192 1086 2235 monendum
1129 2193 1329 2241 arbitror,

1262 2286 1330 2314 re-
