1513 2734
591 123 812 181 (31)

125 269 212 299 rum
248 258 390 298 artium
431 270 479 300 ac
519 259 821 315 disciplinarum
864 265 1122 309 arctissimam
1164 269 1247 311 esse

124 351 217 385 cum
245 339 477 396 Theologia
503 344 847 387 necesfitudinem.
907 346 1053 402 Neque
1084 349 1249 402 profec-

124 431 168 462 to
208 420 277 462 illa
323 422 445 478 longe
487 427 710 478 quaerenda
749 440 822 470 est.
882 428 1032 471 Elucet
1073 433 1114 472 in
1151 446 1249 488 gen-

123 503 230 545 tibus
257 504 483 559 Europaeis
514 508 676 551 Patria
704 523 869 561 nostra,
914 525 1006 554 cum
1036 514 1124 554 aliis
1161 515 1247 558 lau-

121 586 238 628 dibus
268 589 511 642 praeclaris,
544 603 627 634 tum
658 595 854 635 acerrimo
885 596 1066 648 inprimis
1086 597 1249 652 pulcri,

120 669 219 710 boni
246 673 411 724 verique
438 673 581 715 studio.
643 675 741 731 Quo
776 677 887 718 ducti
917 679 1087 733 majores
1118 684 1247 727 nostri

118 753 417 795 contemserunt
474 755 559 796 fere
625 758 790 799 aliarum
829 763 1011 813 gentium
1063 763 1246 816 philoso-

116 835 253 888 phos,
298 838 390 889 qui,
430 835 686 893 Theologiae
715 840 972 883 fundamenta
999 843 1245 887 labefactare

117 919 278 968 conati,
307 919 426 972 ipsius
449 923 772 965 contaminarunt
788 923 1077 980 Philosophiae
1103 930 1250 970 existi-'

120 1001 354 1042 mationem.

174 1081 231 1122 Et
257 1082 389 1136 pulcri
417 1084 579 1137 quidem
606 1085 760 1136 sensus,
791 1101 910 1141 quam
925 1104 1018 1132 acer
1043 1094 1131 1134 infit
1145 1106 1247 1148 gen·

117 1165 147 1205 ti
182 1176 364 1214 nostrae,
408 1165 586 1207 seculum
612 1169 806 1221 probavit
849 1172 1052 1215 decimum
1092 1175 1247 1221 sextum

113 1255 154 1287 et
206 1246 435 1301 septimum.
524 1249 748 1302 Vondelii‚
798 1251 993 1306 Hooftii,
1039 1257 1246 1314 Catfiique

112 1330 254 1382 ecquis
296 1331 498 1384 vituperet
529 1332 767 1376 celebranda
803 1337 1016 1390 poetarum
1046 1344 1210 1384 nomina
1224 1345 1249 1385 2

108 1409 286 1454 Batavos
325 1415 505 1466 pictores
538 1428 634 1457 num
676 1416 785 1458 Italis
829 1419 935 1461 haud
973 1423 1245 1466 conferendos

114 1496 265 1547 putes?
296 1495 607 1541 Architecturae
633 1512 675 1540 et
698 1500 901 1543 statuariae
931 1506 971 1544 in
998 1506 1150 1559 palatio
1166 1508 1242 1549 ho·-

111 1577 251 1618 diemo
291 1578 646 1624 Amstelodamenfi
688 1597 863 1636 perennc
904 1599 1242 1644 monumentum,

109 1671 204 1700 num
233 1660 315 1702 ulla
355 1662 474 1703 facile
502 1663 654 1705 delebit
693 1666 886 1710 oblivio?
930 1669 1111 1714 Eandem
1141 1687 1240 1717 vero

109 1741 219 1784 illam
263 1744 587 1798 simplicitatem,
630 1761 732 1801 quae
773 1752 938 1793 artium
977 1755 1061 1795 esse
1104 1756 1236 1809 solet,

109 1827 234 1881 magis
265 1829 471 1882 magisque
503 1832 834 1875 commendarunt
862 1834 971 1876 illius
994 1840 1081 1879 aevi
1097 1839 1235 1882 Theo-

108 1906 222 1962 logi,
268 1921 308 1950 et
351 1909 541 1965 I-Iugouis
572 1913 709 1955 Grotii
737 1916 786 1956 ad
815 1918 1045 1972 exemplum
1074 1934 1115 1962 et
1145 1925 1235 1966 fim-

107 1989 329 2043 plicitatem
373 2005 481 2035 totus
536 1997 764 2040 etiamnunc
809 2004 1072 2055 componitur
1105 2005 1232 2047 Inter-

44 2069 47 2074 ’
105 2085 265 2125 pretum
319 2076 434 2118 ordo.
514 2078 675 2122 Artium
719 2081 910 2137 deinceps
953 2097 1123 2130 aetatem
1163 2102 1235 2132 ex-

109 2167 304 2211 ceperunt
334 2159 374 2199 in
403 2159 533 2204 Patria
562 2164 698 2206 nostra
722 2164 846 2210 studia
875 2166 1095 2213 literarum.
1138 2172 1234 2214 Pul-

1172 2257 1231 2297 cri
