<?xml version="1.0" encoding="UTF-8"?>
<!DOCTYPE html PUBLIC "-//W3C//DTD XHTML 1.0 Transitional//EN"
    "http://www.w3.org/TR/xhtml1/DTD/xhtml1-transitional.dtd">
<html xmlns="http://www.w3.org/1999/xhtml" xml:lang="en" lang="en">
 <head>
  <title>
</title>
<meta http-equiv="Content-Type" content="text/html;charset=utf-8" />
  <meta name='ocr-system' content='tesseract 3.04.00' />
  <meta name='ocr-capabilities' content='ocr_page ocr_carea ocr_par ocr_line ocrx_word'/>
</head>
<body>
  <div class='ocr_page' id='page_1' title='image "annalesacademiae23acad_0057.png"; bbox 0 0 1513 2734; ppageno 0'>
   <div class='ocr_carea' id='block_1_1' title="bbox 610 146 836 205">
    <p class='ocr_par' dir='ltr' id='par_1_1' title="bbox 610 146 836 205">
     <span class='ocr_line' id='line_1_1' title="bbox 610 146 836 205; baseline -0.009 0"><span class='ocrx_word' id='word_1_1' title='bbox 610 146 836 205; x_wconf 77' lang='lat'>(15)</span> 
     </span>
    </p>
   </div>
   <div class='ocr_carea' id='block_1_2' title="bbox 78 286 1296 2319">
    <p class='ocr_par' dir='ltr' id='par_1_2' title="bbox 78 286 1296 2319">
     <span class='ocr_line' id='line_1_2' title="bbox 147 286 1276 342; baseline -0.003 -12"><span class='ocrx_word' id='word_1_2' title='bbox 147 290 211 339; x_wconf 84' lang='lat' dir='ltr'><strong>nis</strong></span> <span class='ocrx_word' id='word_1_3' title='bbox 234 287 397 342; x_wconf 79' lang='lat' dir='ltr'><strong>placitis·</strong></span> <span class='ocrx_word' id='word_1_4' title='bbox 422 288 646 338; x_wconf 75' lang='lat' dir='ltr'><strong>memoria,</strong></span> <span class='ocrx_word' id='word_1_5' title='bbox 691 288 718 330; x_wconf 87' lang='lat' dir='ltr'>fi</span> <span class='ocrx_word' id='word_1_6' title='bbox 753 299 793 328; x_wconf 94' lang='lat' dir='ltr'><strong>et</strong></span> <span class='ocrx_word' id='word_1_7' title='bbox 820 286 1162 342; x_wconf 81' lang='lat' dir='ltr'><strong>flagrantissimum</strong></span> <span class='ocrx_word' id='word_1_8' title='bbox 1197 286 1276 328; x_wconf 87' lang='lat' dir='ltr'><strong>dis·</strong></span> 
     </span>
     <span class='ocr_line' id='line_1_3' title="bbox 148 368 1285 423; baseline -0.001 -10"><span class='ocrx_word' id='word_1_9' title='bbox 148 372 362 413; x_wconf 87' lang='lat' dir='ltr'><strong>sentientes</strong></span> <span class='ocrx_word' id='word_1_10' title='bbox 406 369 618 411; x_wconf 87' lang='lat' dir='ltr'><strong>refellendi</strong></span> <span class='ocrx_word' id='word_1_11' title='bbox 664 370 861 420; x_wconf 86' lang='lat' dir='ltr'><strong>studium,</strong></span> <span class='ocrx_word' id='word_1_12' title='bbox 917 381 958 409; x_wconf 89' lang='lat' dir='ltr'><strong>et</strong></span> <span class='ocrx_word' id='word_1_13' title='bbox 996 368 1285 423; x_wconf 81' lang='lat' dir='ltr'><strong>Philosophiae</strong></span> 
     </span>
     <span class='ocr_line' id='line_1_4' title="bbox 147 452 1286 504; baseline -0.003 -9"><span class='ocrx_word' id='word_1_14' title='bbox 147 455 296 504; x_wconf 73' lang='lat' dir='ltr'><strong>nimia,</strong></span> <span class='ocrx_word' id='word_1_15' title='bbox 325 452 391 494; x_wconf 90' lang='lat' dir='ltr'><strong>vel</strong></span> <span class='ocrx_word' id='word_1_16' title='bbox 421 453 728 503; x_wconf 89' lang='lat' dir='ltr'><strong>Aristotelicae‚</strong></span> <span class='ocrx_word' id='word_1_17' title='bbox 758 452 823 494; x_wconf 87' lang='lat' dir='ltr'><strong>vel</strong></span> <span class='ocrx_word' id='word_1_18' title='bbox 853 452 1104 495; x_wconf 82' lang='lat' dir='ltr'><strong>Cartefianae</strong></span> <span class='ocrx_word' id='word_1_19' title='bbox 1123 465 1286 493; x_wconf 84' lang='lat' dir='ltr'><strong>venera—</strong></span> 
     </span>
     <span class='ocr_line' id='line_1_5' title="bbox 154 525 1286 590; baseline -0.001 -14"><span class='ocrx_word' id='word_1_20' title='bbox 154 537 242 586; x_wconf 84' lang='lat' dir='ltr'><strong>tio,</strong></span> <span class='ocrx_word' id='word_1_21' title='bbox 273 539 313 577; x_wconf 86' lang='lat' dir='ltr'><strong>&#39;et</strong></span> <span class='ocrx_word' id='word_1_22' title='bbox 341 548 439 576; x_wconf 88' lang='lat' dir='ltr'><strong>vero</strong></span> <span class='ocrx_word' id='word_1_23' title='bbox 468 535 658 590; x_wconf 86' lang='lat' dir='ltr'><strong>neglecta</strong></span> <span class='ocrx_word' id='word_1_24' title='bbox 699 536 848 578; x_wconf 82' lang='lat' dir='ltr'>Sacros</span> <span class='ocrx_word' id='word_1_25' title='bbox 885 535 1175 589; x_wconf 84' lang='lat' dir='ltr'><strong>interpretandi</strong></span> <span class='ocrx_word' id='word_1_26' title='bbox 1214 525 1286 576; x_wconf 87' lang='lat' dir='ltr'><strong>Li-</strong></span> 
     </span>
     <span class='ocr_line' id='line_1_6' title="bbox 151 619 1284 672; baseline -0.003 -12"><span class='ocrx_word' id='word_1_27' title='bbox 151 619 250 660; x_wconf 82' lang='lat' dir='ltr'><strong>broS</strong></span> <span class='ocrx_word' id='word_1_28' title='bbox 291 619 380 659; x_wconf 85' lang='lat' dir='ltr'><strong>sana</strong></span> <span class='ocrx_word' id='word_1_29' title='bbox 420 620 556 669; x_wconf 86' lang='lat' dir='ltr'><strong>ratio,</strong></span> <span class='ocrx_word' id='word_1_30' title='bbox 601 620 642 659; x_wconf 91' lang='lat' dir='ltr'><strong>in</strong></span> <span class='ocrx_word' id='word_1_31' title='bbox 684 631 860 660; x_wconf 86' lang='lat' dir='ltr'><strong>errorem</strong></span> <span class='ocrx_word' id='word_1_32' title='bbox 900 620 1060 672; x_wconf 84' lang='lat' dir='ltr'><strong>priscos</strong></span> <span class='ocrx_word' id='word_1_33' title='bbox 1099 619 1284 659; x_wconf 77' lang='lat' dir='ltr'><strong>homines</strong></span> 
     </span>
     <span class='ocr_line' id='line_1_7' title="bbox 147 701 1289 755; baseline -0.002 -12"><span class='ocrx_word' id='word_1_34' title='bbox 147 701 410 755; x_wconf 83' lang='lat' dir='ltr'><strong>fraudemque</strong></span> <span class='ocrx_word' id='word_1_35' title='bbox 463 702 635 743; x_wconf 84' lang='lat' dir='ltr'><strong>induxit.</strong></span> <span class='ocrx_word' id='word_1_36' title='bbox 724 701 832 742; x_wconf 89' lang='lat' dir='ltr'><strong>Cum</strong></span> <span class='ocrx_word' id='word_1_37' title='bbox 882 702 1115 755; x_wconf 85' lang='lat' dir='ltr'><strong>praesertim</strong></span> <span class='ocrx_word' id='word_1_38' title='bbox 1157 713 1289 755; x_wconf 90' lang='lat' dir='ltr'><strong>neque</strong></span> 
     </span>
     <span class='ocr_line' id='line_1_8' title="bbox 147 783 1288 838; baseline 0.001 -14"><span class='ocrx_word' id='word_1_39' title='bbox 147 784 285 838; x_wconf 85' lang='lat' dir='ltr'><strong>Belgis</strong></span> <span class='ocrx_word' id='word_1_40' title='bbox 327 784 492 837; x_wconf 86' lang='lat' dir='ltr'><strong>propria</strong></span> <span class='ocrx_word' id='word_1_41' title='bbox 532 783 655 825; x_wconf 86' lang='lat' dir='ltr'><strong>fuisse</strong></span> <span class='ocrx_word' id='word_1_42' title='bbox 693 797 740 824; x_wconf 87' lang='lat' dir='ltr'><strong>ac</strong></span> <span class='ocrx_word' id='word_1_43' title='bbox 780 785 896 837; x_wconf 87' lang='lat' dir='ltr'><strong>priva</strong></span> <span class='ocrx_word' id='word_1_44' title='bbox 945 785 1101 825; x_wconf 86' lang='lat' dir='ltr'><strong>constet</strong></span> <span class='ocrx_word' id='word_1_45' title='bbox 1154 785 1288 833; x_wconf 78' lang='lat' dir='ltr'><strong>hacc,</strong></span> 
     </span>
     <span class='ocr_line' id='line_1_9' title="bbox 148 866 1289 921; baseline 0.001 -14"><span class='ocrx_word' id='word_1_46' title='bbox 148 876 376 919; x_wconf 86' lang='lat' dir='ltr'><strong>temporum</strong></span> <span class='ocrx_word' id='word_1_47' title='bbox 405 867 531 921; x_wconf 82' lang='lat' dir='ltr'><strong>magis</strong></span> <span class='ocrx_word' id='word_1_48' title='bbox 558 879 677 919; x_wconf 83' lang='lat' dir='ltr'><strong>quam</strong></span> <span class='ocrx_word' id='word_1_49' title='bbox 708 866 918 910; x_wconf 86' lang='lat' dir='ltr'><strong>hominum</strong></span> <span class='ocrx_word' id='word_1_50' title='bbox 951 867 1078 918; x_wconf 80' lang='lat' dir='ltr'><strong>vitia,</strong></span> <span class='ocrx_word' id='word_1_51' title='bbox 1127 878 1167 907; x_wconf 90' lang='lat' dir='ltr'><strong>et</strong></span> <span class='ocrx_word' id='word_1_52' title='bbox 1195 879 1289 908; x_wconf 86' lang='lat' dir='ltr'><strong>cum</strong></span> 
     </span>
     <span class='ocr_line' id='line_1_10' title="bbox 147 948 1285 1004; baseline 0.001 -15"><span class='ocrx_word' id='word_1_53' title='bbox 147 948 270 990; x_wconf 88' lang='lat' dir='ltr'><strong>nullis</strong></span> <span class='ocrx_word' id='word_1_54' title='bbox 326 961 409 990; x_wconf 92' lang='lat' dir='ltr'><strong>non</strong></span> <span class='ocrx_word' id='word_1_55' title='bbox 463 951 696 990; x_wconf 86' lang='lat' dir='ltr'><strong>communia</strong></span> <span class='ocrx_word' id='word_1_56' title='bbox 739 949 923 1004; x_wconf 86' lang='lat' dir='ltr'><strong>ejusdem</strong></span> <span class='ocrx_word' id='word_1_57' title='bbox 971 951 1060 990; x_wconf 84' lang='lat' dir='ltr'><strong>aevi</strong></span> <span class='ocrx_word' id='word_1_58' title='bbox 1104 949 1285 1003; x_wconf 81' lang='lat' dir='ltr'><strong>populis.</strong></span> 
     </span>
     <span class='ocr_line' id='line_1_11' title="bbox 149 1031 1290 1086; baseline 0 -13"><span class='ocrx_word' id='word_1_59' title='bbox 149 1031 306 1086; x_wconf 72' lang='lat' dir='ltr'><strong>Quodsi</strong></span> <span class='ocrx_word' id='word_1_60' title='bbox 351 1033 482 1081; x_wconf 85' lang='lat' dir='ltr'><strong>enim,</strong></span> <span class='ocrx_word' id='word_1_61' title='bbox 527 1032 588 1072; x_wconf 89' lang='lat' dir='ltr'><strong>his</strong></span> <span class='ocrx_word' id='word_1_62' title='bbox 627 1043 671 1072; x_wconf 91' lang='lat' dir='ltr'><strong>ut</strong></span> <span class='ocrx_word' id='word_1_63' title='bbox 707 1031 906 1085; x_wconf 81' lang='lat' dir='ltr'><strong>exemplis</strong></span> <span class='ocrx_word' id='word_1_64' title='bbox 944 1044 1062 1081; x_wconf 85' lang='lat' dir='ltr'><strong>utar,</strong></span> <span class='ocrx_word' id='word_1_65' title='bbox 1106 1034 1290 1073; x_wconf 85' lang='lat' dir='ltr'><strong>notiores</strong></span> 
     </span>
     <span class='ocr_line' id='line_1_12' title="bbox 150 1113 1292 1169; baseline 0 -14"><span class='ocrx_word' id='word_1_66' title='bbox 150 1113 307 1157; x_wconf 86' lang='lat' dir='ltr'><strong>Vestris</strong></span> <span class='ocrx_word' id='word_1_67' title='bbox 336 1113 425 1155; x_wconf 87' lang='lat' dir='ltr'><strong>sunt</strong></span> <span class='ocrx_word' id='word_1_68' title='bbox 453 1113 617 1155; x_wconf 85' lang='lat' dir='ltr'><strong>auribus</strong></span> <span class='ocrx_word' id='word_1_69' title='bbox 647 1114 932 1167; x_wconf 81' lang='lat' dir='ltr'><strong>mentibusque</strong></span> <span class='ocrx_word' id='word_1_70' title='bbox 960 1128 1006 1155; x_wconf 83' lang='lat' dir='ltr'><strong>ac</strong></span> <span class='ocrx_word' id='word_1_71' title='bbox 1046 1117 1175 1169; x_wconf 84' lang='lat' dir='ltr'><strong>magis</strong></span> <span class='ocrx_word' id='word_1_72' title='bbox 1220 1116 1292 1155; x_wconf 84' lang='lat' dir='ltr'><strong>tri·</strong></span> 
     </span>
     <span class='ocr_line' id='line_1_13' title="bbox 150 1194 1291 1249; baseline 0.001 -12"><span class='ocrx_word' id='word_1_73' title='bbox 150 1206 214 1247; x_wconf 81' lang='lat' dir='ltr'><strong>tae</strong></span> <span class='ocrx_word' id='word_1_74' title='bbox 251 1194 376 1246; x_wconf 84' lang='lat' dir='ltr'><strong>illae,</strong></span> <span class='ocrx_word' id='word_1_75' title='bbox 417 1207 519 1248; x_wconf 87' lang='lat' dir='ltr'><strong>quae</strong></span> <span class='ocrx_word' id='word_1_76' title='bbox 559 1196 654 1236; x_wconf 90' lang='lat' dir='ltr'><strong>huic</strong></span> <span class='ocrx_word' id='word_1_77' title='bbox 696 1196 808 1236; x_wconf 87' lang='lat' dir='ltr'><strong>fuere</strong></span> <span class='ocrx_word' id='word_1_78' title='bbox 853 1208 980 1237; x_wconf 84' lang='lat' dir='ltr'><strong>terrae</strong></span> <span class='ocrx_word' id='word_1_79' title='bbox 1016 1198 1291 1249; x_wconf 81' lang='lat' dir='ltr'><strong>domesticae,</strong></span> 
     </span>
     <span class='ocr_line' id='line_1_14' title="bbox 151 1277 1295 1335; baseline 0.002 -15"><span class='ocrx_word' id='word_1_80' title='bbox 151 1277 380 1335; x_wconf 71' lang='lat' dir='ltr'><strong>Voeticmos¹</strong></span> <span class='ocrx_word' id='word_1_81' title='bbox 413 1278 518 1318; x_wconf 85' lang='lat' dir='ltr'><strong>inter</strong></span> <span class='ocrx_word' id='word_1_82' title='bbox 559 1289 601 1319; x_wconf 86' lang='lat' dir='ltr'><strong>et</strong></span> <span class='ocrx_word' id='word_1_83' title='bbox 639 1277 887 1332; x_wconf 82' lang='lat' dir='ltr'><strong>Coccejanos</strong></span> <span class='ocrx_word' id='word_1_84' title='bbox 916 1292 1079 1334; x_wconf 83' lang='lat' dir='ltr'><strong>pugnae</strong></span> <span class='ocrx_word' id='word_1_85' title='bbox 1105 1294 1152 1322; x_wconf 87' lang='lat' dir='ltr'><strong>ac</strong></span> <span class='ocrx_word' id='word_1_86' title='bbox 1185 1281 1295 1323; x_wconf 78' lang='lat' dir='ltr'><strong>disfi-</strong></span> 
     </span>
     <span class='ocr_line' id='line_1_15' title="bbox 151 1360 1294 1416; baseline 0.003 -15"><span class='ocrx_word' id='word_1_87' title='bbox 151 1360 245 1410; x_wconf 81' lang='lat' dir='ltr'><strong>dia,</strong></span> <span class='ocrx_word' id='word_1_88' title='bbox 276 1373 395 1414; x_wconf 86' lang='lat' dir='ltr'><strong>quam</strong></span> <span class='ocrx_word' id='word_1_89' title='bbox 422 1373 556 1414; x_wconf 83' lang='lat' dir='ltr'><strong>quae,</strong></span> <span class='ocrx_word' id='word_1_90' title='bbox 600 1360 743 1401; x_wconf 89' lang='lat' dir='ltr'><strong>iisdem</strong></span> <span class='ocrx_word' id='word_1_91' title='bbox 774 1361 859 1403; x_wconf 84' lang='lat' dir='ltr'><strong>fere</strong></span> <span class='ocrx_word' id='word_1_92' title='bbox 901 1363 1183 1416; x_wconf 78' lang='lat' dir='ltr'><strong>temporibu5‚</strong></span> <span class='ocrx_word' id='word_1_93' title='bbox 1225 1375 1294 1405; x_wconf 85' lang='lat' dir='ltr'><strong>aut</strong></span> 
     </span>
     <span class='ocr_line' id='line_1_16' title="bbox 150 1442 1291 1499; baseline 0.004 -16"><span class='ocrx_word' id='word_1_94' title='bbox 150 1442 343 1499; x_wconf 87' lang='lat' dir='ltr'><strong>Angliam</strong></span> <span class='ocrx_word' id='word_1_95' title='bbox 367 1443 587 1493; x_wconf 72' lang='lat' dir='ltr'><strong>vexarunt,</strong></span> <span class='ocrx_word' id='word_1_96' title='bbox 620 1442 939 1498; x_wconf 75' lang='lat' dir='ltr'><strong>Episcopalium</strong></span> <span class='ocrx_word' id='word_1_97' title='bbox 978 1445 1071 1487; x_wconf 87' lang='lat' dir='ltr'><strong>lites</strong></span> <span class='ocrx_word' id='word_1_98' title='bbox 1103 1458 1144 1487; x_wconf 91' lang='lat' dir='ltr'><strong>et</strong></span> <span class='ocrx_word' id='word_1_99' title='bbox 1164 1446 1291 1489; x_wconf 81' lang='lat' dir='ltr'><strong>Pres-</strong></span> 
     </span>
     <span class='ocr_line' id='line_1_17' title="bbox 152 1526 1293 1581; baseline 0.004 -14"><span class='ocrx_word' id='word_1_100' title='bbox 152 1526 501 1581; x_wconf 74' lang='lat' dir='ltr'><strong>hyterianorum‚</strong></span> <span class='ocrx_word' id='word_1_101' title='bbox 544 1538 641 1577; x_wconf 86' lang='lat' dir='ltr'><strong>aut,</strong></span> <span class='ocrx_word' id='word_1_102' title='bbox 689 1539 792 1580; x_wconf 87' lang='lat' dir='ltr'><strong>quae</strong></span> <span class='ocrx_word' id='word_1_103' title='bbox 839 1527 1097 1570; x_wconf 84' lang='lat' dir='ltr'><strong>Germaniam</strong></span> <span class='ocrx_word' id='word_1_104' title='bbox 1141 1529 1293 1572; x_wconf 66' lang='lat' dir='ltr'><strong>lacera-</strong></span> 
     </span>
     <span class='ocr_line' id='line_1_18' title="bbox 97 1609 1296 1666; baseline 0.004 -16"><span class='ocrx_word' id='word_1_105' title='bbox 97 1640 99 1642; x_wconf 84' lang='lat'><em>-</em></span> <span class='ocrx_word' id='word_1_106' title='bbox 152 1621 273 1660; x_wconf 82' lang='lat' dir='ltr'><strong>runt,</strong></span> <span class='ocrx_word' id='word_1_107' title='bbox 306 1623 399 1651; x_wconf 90' lang='lat' dir='ltr'><strong>cum</strong></span> <span class='ocrx_word' id='word_1_108' title='bbox 431 1609 742 1664; x_wconf 73' lang='lat' dir='ltr'><strong>Syncretistica</strong></span> <span class='ocrx_word' id='word_1_109' title='bbox 784 1611 944 1666; x_wconf 86' lang='lat' dir='ltr'><strong>jurgia,</strong></span> <span class='ocrx_word' id='word_1_110' title='bbox 991 1625 1074 1653; x_wconf 91' lang='lat' dir='ltr'><strong>tum</strong></span> <span class='ocrx_word' id='word_1_111' title='bbox 1101 1612 1296 1655; x_wconf 67' lang='lat' dir='ltr'><strong>Pietisti&#39;-</strong></span> 
     </span>
     <span class='ocr_line' id='line_1_19' title="bbox 151 1692 1292 1747; baseline 0.002 -12"><span class='ocrx_word' id='word_1_112' title='bbox 151 1706 236 1744; x_wconf 67' lang='grc' dir='ltr'><strong>σας</strong></span> <span class='ocrx_word' id='word_1_113' title='bbox 279 1692 408 1737; x_wconf 88' lang='lat' dir='ltr'><strong>nolite</strong></span> <span class='ocrx_word' id='word_1_114' title='bbox 441 1705 576 1734; x_wconf 88' lang='lat' dir='ltr'><strong>tamen</strong></span> <span class='ocrx_word' id='word_1_115' title='bbox 605 1693 754 1747; x_wconf 86' lang='lat' dir='ltr'><strong>quaeso</strong></span> <span class='ocrx_word' id='word_1_116' title='bbox 781 1695 821 1734; x_wconf 92' lang='lat' dir='ltr'><strong>in</strong></span> <span class='ocrx_word' id='word_1_117' title='bbox 849 1696 1026 1737; x_wconf 87' lang='lat' dir='ltr'><strong>animum</strong></span> <span class='ocrx_word' id='word_1_118' title='bbox 1068 1696 1292 1746; x_wconf 83' lang='lat' dir='ltr'><strong>inducere,</strong></span> 
     </span>
     <span class='ocr_line' id='line_1_20' title="bbox 152 1777 1294 1833; baseline 0.002 -14"><span class='ocrx_word' id='word_1_119' title='bbox 152 1787 222 1819; x_wconf 71' lang='lat' dir='ltr'><strong>aut</strong></span> <span class='ocrx_word' id='word_1_120' title='bbox 262 1777 419 1817; x_wconf 90' lang='lat' dir='ltr'><strong>minore</strong></span> <span class='ocrx_word' id='word_1_121' title='bbox 464 1789 557 1817; x_wconf 90' lang='lat' dir='ltr'><strong>cum</strong></span> <span class='ocrx_word' id='word_1_122' title='bbox 588 1778 734 1818; x_wconf 83' lang='lat' dir='ltr'><strong>irarum</strong></span> <span class='ocrx_word' id='word_1_123' title='bbox 763 1778 1012 1829; x_wconf 85' lang='lat' dir='ltr'><strong>acerbitate,</strong></span> <span class='ocrx_word' id='word_1_124' title='bbox 1058 1778 1139 1820; x_wconf 78' lang='lat' dir='ltr'><strong>has</strong></span> <span class='ocrx_word' id='word_1_125' title='bbox 1172 1792 1294 1833; x_wconf 86' lang='lat' dir='ltr'><strong>quam</strong></span> 
     </span>
     <span class='ocr_line' id='line_1_21' title="bbox 153 1858 1295 1914; baseline 0.001 -15"><span class='ocrx_word' id='word_1_126' title='bbox 153 1858 257 1900; x_wconf 81' lang='lat' dir='ltr'><strong>illas</strong></span> <span class='ocrx_word' id='word_1_127' title='bbox 281 1859 367 1900; x_wconf 89' lang='lat' dir='ltr'><strong>esse</strong></span> <span class='ocrx_word' id='word_1_128' title='bbox 405 1860 691 1900; x_wconf 88' lang='lat' dir='ltr'><strong>contentiones</strong></span> <span class='ocrx_word' id='word_1_129' title='bbox 718 1859 914 1914; x_wconf 83' lang='lat' dir='ltr'><strong>agitatas,</strong></span> <span class='ocrx_word' id='word_1_130' title='bbox 961 1873 1029 1902; x_wconf 86' lang='lat' dir='ltr'><strong>aut</strong></span> <span class='ocrx_word' id='word_1_131' title='bbox 1066 1864 1186 1904; x_wconf 90' lang='lat' dir='ltr'><strong>citius</strong></span> <span class='ocrx_word' id='word_1_132' title='bbox 1227 1863 1295 1903; x_wconf 85' lang='lat' dir='ltr'><strong>dc.-</strong></span> 
     </span>
     <span class='ocr_line' id='line_1_22' title="bbox 155 1940 1293 1992; baseline 0.004 -10"><span class='ocrx_word' id='word_1_133' title='bbox 155 1940 382 1992; x_wconf 77' lang='lat' dir='ltr'><strong>fetbuisse,</strong></span> <span class='ocrx_word' id='word_1_134' title='bbox 413 1954 481 1983; x_wconf 85' lang='lat' dir='ltr'><strong>aut</strong></span> <span class='ocrx_word' id='word_1_135' title='bbox 511 1942 664 1984; x_wconf 81' lang='lat' dir='ltr'><strong>leviora</strong></span> <span class='ocrx_word' id='word_1_136' title='bbox 693 1943 752 1984; x_wconf 85' lang='lat' dir='ltr'><strong>re&#39;i</strong></span> <span class='ocrx_word' id='word_1_137' title='bbox 783 1943 1040 1986; x_wconf 82' lang='lat' dir='ltr'><strong>Christianae</strong></span> <span class='ocrx_word' id='word_1_138' title='bbox 1064 1945 1204 1986; x_wconf 82' lang='lat' dir='ltr'><strong>damna</strong></span> <span class='ocrx_word' id='word_1_139' title='bbox 1232 1947 1293 1986; x_wconf 88' lang='lat' dir='ltr'><strong>in-</strong></span> 
     </span>
     <span class='ocr_line' id='line_1_23' title="bbox 164 2023 1293 2079; baseline 0.004 -15"><span class='ocrx_word' id='word_1_140' title='bbox 164 2023 299 2065; x_wconf 89' lang='lat' dir='ltr'><strong>tulisse</strong></span> <span class='ocrx_word' id='word_1_141' title='bbox 328 2039 376 2066; x_wconf 86' lang='lat' dir='ltr'><strong>ac</strong></span> <span class='ocrx_word' id='word_1_142' title='bbox 405 2025 655 2067; x_wconf 85' lang='lat' dir='ltr'><strong>detrimenta.</strong></span> <span class='ocrx_word' id='word_1_143' title='bbox 730 2026 800 2068; x_wconf 90' lang='lat' dir='ltr'><strong>Sic</strong></span> <span class='ocrx_word' id='word_1_144' title='bbox 824 2027 905 2068; x_wconf 89' lang='lat' dir='ltr'><strong>sese</strong></span> <span class='ocrx_word' id='word_1_145' title='bbox 932 2041 994 2068; x_wconf 87' lang='lat' dir='ltr'><strong>res</strong></span> <span class='ocrx_word' id='word_1_146' title='bbox 1025 2029 1175 2079; x_wconf 80' lang='lat' dir='ltr'><strong>habet,</strong></span> <span class='ocrx_word' id='word_1_147' title='bbox 1206 2028 1293 2070; x_wconf 82' lang='lat' dir='ltr'><strong>Au-</strong></span> 
     </span>
     <span class='ocr_line' id='line_1_24' title="bbox 159 2105 1294 2161; baseline 0.006 -15"><span class='ocrx_word' id='word_1_148' title='bbox 159 2105 338 2151; x_wconf 85' lang='lat' dir='ltr'><strong>ditores!</strong></span> <span class='ocrx_word' id='word_1_149' title='bbox 368 2107 518 2161; x_wconf 85' lang='lat' dir='ltr'><strong>Neque</strong></span> <span class='ocrx_word' id='word_1_150' title='bbox 546 2110 587 2148; x_wconf 90' lang='lat' dir='ltr'><strong>in</strong></span> <span class='ocrx_word' id='word_1_151' title='bbox 616 2108 789 2152; x_wconf 68' lang='lat' dir='ltr'><strong>Graecia</strong></span> <span class='ocrx_word' id='word_1_152' title='bbox 817 2110 1037 2152; x_wconf 86' lang='lat' dir='ltr'><strong>floruerunt</strong></span> <span class='ocrx_word' id='word_1_153' title='bbox 1063 2123 1154 2152; x_wconf 90' lang='lat' dir='ltr'><strong>ante</strong></span> <span class='ocrx_word' id='word_1_154' title='bbox 1183 2111 1294 2153; x_wconf 87' lang='lat' dir='ltr'><strong>Tha-</strong></span> 
     </span>
     <span class='ocr_line' id='line_1_25' title="bbox 78 2168 1294 2251; baseline 0.003 -21"><span class='ocrx_word' id='word_1_155' title='bbox 78 2241 84 2244; x_wconf 34' lang='lat'><strong><em>„</em></strong></span> <span class='ocrx_word' id='word_1_156' title='bbox 116 2213 120 2216; x_wconf 89' lang='lat'>-</span> <span class='ocrx_word' id='word_1_157' title='bbox 157 2168 282 2235; x_wconf 69' lang='lat' dir='ltr'><strong>fetem</strong></span> <span class='ocrx_word' id='word_1_158' title='bbox 327 2188 615 2245; x_wconf 85' lang='lat' dir='ltr'><strong>Philosophiae</strong></span> <span class='ocrx_word' id='word_1_159' title='bbox 650 2192 803 2246; x_wconf 84' lang='lat' dir='ltr'><strong>studia;</strong></span> <span class='ocrx_word' id='word_1_160' title='bbox 848 2207 980 2249; x_wconf 89' lang='lat' dir='ltr'><strong>neque</strong></span> <span class='ocrx_word' id='word_1_161' title='bbox 1021 2194 1294 2251; x_wconf 85' lang='lat' dir='ltr'><strong>Eloquentiae</strong></span> 
     </span>
     <span class='ocr_line' id='line_1_26' title="bbox 131 2275 1295 2319; baseline 0.003 -4"><span class='ocrx_word' id='word_1_162' title='bbox 131 2275 134 2277; x_wconf 74' lang='grc'><strong>’</strong></span> <span class='ocrx_word' id='word_1_163' title='bbox 1210 2277 1295 2319; x_wconf 82' lang='lat' dir='ltr'><strong>lau-</strong></span> 
     </span>
    </p>
   </div>
  </div>
 </body>
</html>
