1513 2734
584 150 838 211 (117)

153 290 232 332 sam
261 303 443 346 corpus,
473 292 513 332 vi
543 302 713 349 utraque
743 292 855 335 fimul
884 289 1130 345 impulsum,
1171 303 1270 355 per*

146 362 274 403 currit
352 361 607 417 diagonalem
699 363 737 404 A
766 362 807 404 D
897 360 1264 417 parallelogrammi

143 429 185 471 A
201 430 233 470 B
250 429 291 471 D
307 429 344 471 C
364 461 378 479 ,
409 432 554 473 eodem
584 443 771 486 tempore
787 463 800 482 ,
832 446 916 487 quo
942 432 1067 473 latera
1094 431 1132 472 A
1148 430 1181 472 B
1220 442 1262 473 et

144 498 182 539 A
199 498 236 540 C
266 500 476 552 separatim
510 503 711 556 descripta
736 503 837 544 sunt.
1047 557 1050 561 ⁵

200 567 254 610 X.
287 569 481 613 Omnium
512 572 919 622 demonstrationum,
963 583 1066 625 quae
1093 584 1145 614 ex
1177 586 1264 615 mo-

145 649 257 679 tuum
314 642 612 695 compositione
648 643 825 696 petitae,
870 655 892 683 a
937 634 1261 694 recentioribus,

143 707 408 751 Geometrica
447 713 633 761 ratione,
677 711 884 753 absolutae
923 712 1041 761 sunt,
1084 725 1171 754 eam
1200 714 1261 753 in-

141 779 283 830 primis
324 780 622 822 memorandam
661 779 747 821 esse
789 783 968 838 opinor,
1014 795 1134 836 quam
1164 782 1266 825 fecit

141 846 235 888 Cel.
264 847 297 887 B
315 861 341 888 o
359 850 510 900 ssutt,
539 862 641 904 quae
672 861 805 890 autem
835 851 914 892 huc
943 851 1075 892 redit:

149 939 151 941 -
196 916 249 958 A.
313 916 375 957 Sit
418 917 449 958 P
490 917 611 973 (Fig.
649 916 717 971 2.)
759 931 956 973 punctum
985 920 1052 963 seu
1081 929 1264 978 corpus,

145 986 258 1038 quod
287 999 499 1029 moveatur
523 990 564 1029 in
589 989 813 1029 directione
830 989 911 1044 PQ
943 990 984 1032 vi
1011 989 1179 1044 quadam
1202 991 1266 1042 P;

141 1057 187 1097 fit
211 1056 303 1097 AC
335 1058 681 1111 perpendicularis
718 1058 810 1099 illae
834 1060 1080 1112 directioniz,
1111 1061 1266 1115 perspi-

141 1138 263 1166 cuum
288 1138 420 1167 autem
447 1139 535 1176 est,
581 1125 776 1171 effectum
822 1130 885 1171 vis
915 1130 946 1171 P
964 1162 977 1180 ‚
1017 1131 1059 1172 id
1089 1144 1150 1173 est
1179 1146 1267 1174 mo-

142 1205 256 1243 tum,
290 1197 571 1238 tantummodo
600 1197 687 1239 fieri
718 1200 758 1239 in
791 1199 1017 1241 directione
1044 1200 1153 1252 PB,
1197 1215 1266 1243 ne-

140 1276 221 1318 que
251 1266 292 1305 in
329 1265 555 1307 directione
595 1266 685 1308 AC
705 1297 718 1315 ‚
747 1281 815 1311 aut
840 1270 976 1311 versus
1002 1270 1114 1313 illam
1136 1271 1266 1315 direc-

142 1336 320 1376 tionem:
353 1335 379 1376 fi
410 1348 545 1378 autem
569 1339 630 1378 w's
658 1337 689 1379 P
719 1341 803 1394 agit
831 1343 873 1382 in
896 1341 1123 1384 directione
1151 1343 1260 1384 obli·

140 1417 220 1459 qua
248 1404 280 1445 P
298 1403 384 1458 Q',
416 1419 519 1459 quae
551 1407 744 1462 angulum
772 1422 935 1453 acutum
953 1423 1022 1454 aut
1050 1412 1268 1466 obliquum

143 1475 354 1517 constituit
382 1489 477 1518 cum
503 1476 594 1519 AC
613 1507 627 1528 ,
660 1480 919 1523 manifestum
950 1494 1040 1535 est,
1086 1494 1267 1538 corpuS,

140 1546 182 1586 in
233 1546 402 1600 obliqua
457 1548 684 1590 directione
740 1552 999 1605 procedens,
1057 1554 1262 1594 removeri

139 1628 222 1656 non
254 1617 384 1669 modo,
409 1630 432 1658 a
460 1630 618 1672 puncto
642 1619 673 1660 P
697 1622 973 1673 verticaliter,
1006 1622 1074 1664 sed
1097 1625 1217 1664 etiam
1245 1635 1267 1663 a

140 1687 325 1729 verticali
353 1687 579 1729 directione
612 1688 706 1731 PB.
767 1691 815 1733 Id
850 1703 985 1735 autem
1014 1693 1160 1735 eodem
1203 1706 1267 1734 re—

141 1757 223 1807 dit,
253 1758 416 1812 atquefi
445 1771 625 1812 corpus,
656 1762 697 1801 vi
726 1760 757 1802 P
790 1761 941 1803 sursum
972 1774 1157 1814 motum,
1189 1764 1266 1805 im·

143 1826 316 1880 pellatur
355 1827 434 1869 alia
463 1831 533 1879 vi,
565 1831 606 1870 in
638 1830 865 1874 directione
890 1832 979 1874 AC
1009 1845 1183 1888 agente,
1227 1845 1270 1875 et

144 1895 260 1950 cujus
298 1899 407 1940 actio
434 1899 488 1940 ita
522 1899 561 1941 se
596 1900 769 1951 habeat,
813 1915 915 1956 quae
946 1914 1099 1944 tantum
1131 1916 1266 1944 remo-

144 1976 235 2023 veat
266 1979 416 2021 corpus
443 1982 466 2010 a
493 1969 677 2012 verticali
707 1971 824 2026 BQ,
856 1984 1049 2026 quantum
1079 1972 1165 2027 ipsa
1203 1973 1266 2015 vis

145 2033 177 2076 P
197 2065 210 2085 ,
238 2036 280 2076 in
308 2036 480 2092 obliqua
501 2039 730 2082 directione
755 2041 841 2084 PD
870 2055 1007 2097 agens,

203 2105 252 2146 B.
312 2103 407 2148 Hoc
433 2109 588 2161 polito,
617 2112 692 2153 fint
722 2112 842 2167 (Fig.
876 2110 942 2167 3.)
986 2111 1071 2153 ΑΡ
1115 2123 1157 2154 et
1185 2111 1266 2154 BP

145 2176 478 2232 proportionales
519 2179 672 2223 viribus
716 2182 896 2235 duabus,
927 2194 1030 2239 quae
1059 2184 1100 2225 in
1133 2183 1268 2226 direc-

1190 2264 1270 2294 tio-
