1513 2734
662 127 886 184 (η)

206 280 260 310 ne
286 267 482 311 liberata.
548 268 627 309 Sed
672 272 769 310 mira
798 271 886 311 sunt
914 270 1149 319 hominum,
1198 280 1345 325 regno-

202 363 320 401 rum,
363 364 482 406 atque
520 352 822 405 disciplinarum
867 353 960 393 fata.
1049 351 1344 406 Philosophia,

204 447 306 487 quae
322 436 477 488 quaerit
493 435 561 483 id,
593 435 705 488 quod
721 447 867 485 unum,
896 434 1087 489 simplex,
1114 434 1345 476 absolutum

200 529 288 566 est,
335 517 418 570 ipsa
446 519 485 557 in
517 518 613 558 duas
640 530 773 572 partes
817 517 988 559 dissecta
1029 517 1134 566 fuit,
1179 517 1346 558 alteram

198 599 447 647 naturalem,
477 600 640 640 alteram
672 613 753 641 non
779 600 998 641 naturalem
1015 630 1028 648 ‚
1053 599 1147 645 ,five
1178 599 1340 640 theore-

199 683 335 722 ticam.
394 680 599 723 Naturalis
629 682 894 736 Philosophia
920 683 985 737 jus
1015 680 1188 735 suffragii
1217 681 1344 735 adep-

199 775 238 806 ta
279 775 339 804 est
377 766 417 805 in
450 766 646 806 doctrinis
687 767 913 814 accuratis,
960 765 1185 806 theoretica
1209 775 1346 806 autem

197 846 249 888 ad
274 847 410 887 literas
439 848 696 889 humaniores
728 849 929 904 migravit.
1005 865 1021 882 s

259 929 412 970 Verum
444 930 541 971 haec
567 931 775 972 hactenus.
842 930 1099 971 Accedamus
1135 928 1185 969 ad
1218 928 1345 981 ipsam

197 1013 543 1064 comparationem
574 1014 824 1066 cognitionis
852 1009 1045 1063 Phyficae
1082 1022 1202 1063 atque
1244 1006 1343 1061 Psy-

199 1093 473 1148 chologicae‚
520 1107 623 1148 quae
650 1106 694 1135 ut
720 1097 796 1135 rite
838 1093 1088 1142 instituatur,
1134 1095 1345 1147 utriusque

199 1177 452 1231 cognitionis
497 1177 632 1218 fontes
673 1188 713 1217 et
759 1178 960 1230 principia
1001 1175 1235 1230 explorari,
1285 1186 1345 1217 at-

198 1271 280 1314 que
308 1261 411 1299 inter
441 1259 479 1300 se
508 1259 685 1300 conferri
714 1271 892 1313 oportet.

254 1341 448 1394 Phyficae
474 1343 724 1397 cognitionis
755 1342 848 1383 fons
880 1353 940 1382 est
969 1341 1099 1384 sensus
1129 1352 1343 1392 externus,

200 1436 274 1478 per
289 1437 409 1478 quem
426 1455 440 1474 ‚
473 1437 552 1479 ope
569 1418 748 1478 quinque
766 1438 1009 1480 organorum
1023 1455 1035 1474 ‚
1069 1436 1201 1466 tactus
1218 1426 1344 1478 inpri-

196 1508 274 1547 mis
291 1537 304 1556 ‚
336 1507 444 1548 visus
471 1518 511 1548 et
527 1507 708 1558 auditus,
740 1521 802 1548 res
819 1518 1002 1549 externas
1018 1519 1138 1561 atque
1159 1519 1344 1549 nostrum

197 1577 330 1643 ipsum
360 1602 511 1643 corpus
539 1591 802 1643 percipimuS.
841 1590 1139 1645 Psychologiae
1164 1589 1258 1631 fons
1283 1603 1345 1632 est

202 1671 337 1713 sensus
367 1674 560 1713 internus,
621 1672 683 1714 Ea
712 1675 820 1714 enim
849 1686 909 1713 est
939 1674 1059 1713 animi
1087 1684 1254 1722 natura,
1299 1683 1346 1714 ut

199 1767 284 1796 non
320 1767 470 1796 tantum
499 1767 617 1810 agat,
660 1758 862 1808 patiatur,
908 1756 1125 1805 afficiatur,
1172 1756 1343 1809 cupiatz,

199 1850 340 1894 vet-um
364 1839 514 1888 etiam,
554 1850 599 1879 ut
639 1837 724 1879 suas
763 1838 847 1891 ipse
876 1839 1083 1886 actiones,
1116 1838 1342 1891 perpessio-

196 1934 296 1971 nes,
326 1920 494 1962 affectus
517 1932 558 1962 et
586 1921 830 1974 cupiditates
853 1922 1081 1974 percipiat,
1113 1932 1180 1961 aut
1205 1932 1344 1961 earum

195 2005 270 2047 fibi
301 2004 486 2046 conscius
511 2005 584 2053 fit,
627 2003 739 2058 quod
765 2003 809 2044 fit
838 2003 948 2043 sensu
978 2004 1154 2043 interno.
1206 2001 1345 2057 Quae-

201 2087 370 2128 rendum
397 2088 549 2142 igitur‚
575 2088 703 2129 utrius
733 2086 832 2128 fides
857 2086 988 2141 major
1011 2087 1082 2137 fit,
1113 2085 1246 2129 sensus
1274 2097 1344 2127 ex·

197 2171 300 2211 terni
330 2182 380 2211 an
412 2171 573 2212 interni.

1253 2248 1345 2297 Hac
