1513 2734
533 94 789 157 (157)

158 240 305 286 volunt
338 237 492 295 judicia
519 236 766 287 criminalia,
799 238 839 278 in
866 236 1009 290 primis
1052 233 1079 275 fi
1098 230 1158 276 de

157 312 356 369 gravioris
397 308 594 350 momenti
623 308 744 348 rebus
777 319 917 363 agatur
943 304 1055 360 <1);
1099 304 1157 345 se-

157 384 269 425 uitur
304 380 461 430 rursus,
503 391 569 419 eas
606 377 656 418 ad
693 377 777 418 litis
807 379 1049 435 decisionem
1089 376 1158 417 ad·v

161 453 268 494 mitti
307 463 391 491 non
433 444 566 507 posse,
641 456 756 504 Haec
801 454 935 496 omnia
964 448 1161 502 majorem

160 526 283 566 etiam
336 525 470 567 lucem
525 530 736 581 accipiunt
792 537 842 565 ex
883 517 1163 576 applicatione

160 596 476 648 praesumtionis
532 598 582 639 ad
625 597 805 653 regulam
845 592 956 634 illam
980 591 1164 645 'genera-

161 664 274 716 lem,
317 667 621 720 reprobationis
661 679 744 708 non
781 665 865 706 dari
909 659 1167 715 reprobatio-

162 747 287 786 nem,
334 750 454 790 quam
498 739 688 780 omnibus
729 731 1057 791 legislationibus
1095 741 1165 769 ac-

162 818 326 860 ceptam
356 809 660 863 cognoscimus.
729 804 796 849 Ne
827 805 934 845 enim
964 802 1004 842 in
1033 798 1176 851 infinif

165 887 252 918 tum
279 877 328 918 de
359 880 437 920 una
468 879 690 935 eademque
720 890 762 918 re
777 883 1056 930 quaereretur,
1079 869 1166 910 san-

165 947 294 989 citum
324 960 407 998 est,
438 962 483 990 ut
509 964 602 991 cum
631 962 748 993 actor
768 944 1012 1003 ‘probaverit
1035 940 1167 982 actio‘

167 1017 322 1058 tionem
338 1048 351 1066 ‚
379 1031 499 1072 quam
524 1020 694 1062 instituit
711 1051 723 1071 ,
755 1027 980 1072 posteaque
993 1024 1084 1054 reus
1097 1022 1168 1050 ex-

169 1089 405 1141 ceptionem
435 1088 542 1131 suam
570 1091 833 1144 probaverit,
864 1086 929 1128 vel
953 1084 1092 1139 potius
1106 1092 1170 1120 re-

167 1158 436 1211 probaverit,
466 1161 596 1201 actori
625 1172 709 1201 non
737 1159 909 1206 liceret,
952 1151 1084 1195 rursus
1107 1163 1171 1191 re·-

169 1229 345 1283 probare
359 1231 562 1272 actionem
579 1230 687 1272 suam
706 1227 803 1285 (2).
834 1225 1010 1270 Nullum
1036 1233 1176 1265 autem
1209 1262 1219 1263 „

171 1299 368 1350 dubium,
401 1303 500 1356 quin
530 1304 590 1351 is,
633 1303 677 1343 in
707 1301 824 1356 cujus
853 1298 1035 1340 favorem
1064 1291 1174 1333 mili-

171 1381 230 1412 tat
254 1370 527 1424 praesumtio,
560 1375 586 1415 fi
620 1371 867 1414 adversarius
909 1365 1173 1421 probaverit,

170 1441 511 1494 praesumtionem
541 1442 591 1484 ad
617 1439 782 1489 casum,
815 1440 865 1480 de
893 1449 976 1492 quo
1008 1435 1171 1490 agitur,

170 1510 368 1565 applicari
410 1524 493 1551 non
533 1511 684 1564 posse,
727 1507 999 1551 admittendus
1036 1506 1083 1548 fit
1122 1501 1174 1544 ad

172 1581 466 1634 reprobandam
484 1610 497 1628 ,
528 1579 593 1620 vel
619 1580 759 1632 potius
789 1576 1041 1631 probandam
1065 1574 1174 1625 peti-

173 1653 355 1699 tionem,
386 1649 453 1690 vel
479 1650 766 1702 exceptionem
794 1645 916 1688 suam.
975 1643 1177 1696 Adeoque

173 1721 420 1775 praesumtio
479 1731 684 1772 nunquam
741 1715 881 1757 locum
921 1714 1179 1768 probationis

173 1793 251 1846 qua
287 1790 480 1845 probatio
521 1790 594 1831 fibi
624 1788 831 1831 vindicare
871 1796 1010 1840 potest
1037 1782 1137 1839 (3).

1031 1853 1036 1858 ’
1104 1853 1177 1896 Sin

219 1927 284 1974 (1)
308 1916 409 1964 conf.
446 1929 487 1961 W
504 1938 522 1961 e
539 1928 582 1962 in
597 1926 618 1961 d
633 1928 644 1960 1
660 1936 678 1961 e
695 1936 734 1968 r,
781 1927 860 1960 iiber
898 1923 1180 1966 Verrnuts'umgen,

155 2001 157 2003 ¹
181 1988 201 2031 §
230 1997 274 2030 49
302 1987 371 2030 sqq·

175 2043 189 2045 ⁴
227 2041 290 2087 (2)
312 2041 414 2077 Cous.
438 2051 472 2075 v,
492 2041 523 2074 G
540 2041 550 2072 l
566 2039 705 2084 obig,
730 2042 788 2085 Op.
812 2039 902 2075 lami.
932 2038 1009 2073 Vol.
1034 2035 1080 2072 ΙΙ.
1108 2044 1180 2080 cap.

180 2111 214 2144 4·
235 2101 254 2144 §
276 2101 293 2133 8
315 2100 385 2153 sqq·

223 2154 286 2201 (3)
309 2156 412 2192 Conf.
435 2155 460 2189 F
477 2164 494 2189 e
511 2164 533 2188 u
549 2163 568 2189 e
584 2155 626 2188 rl
642 2155 749 2196 ein,
773 2152 858 2197 Diss.
881 2152 972 2189 laud.
987 2153 1005 2198 §
1023 2154 1065 2188 28
1081 2159 1181 2194 et29.
