1513 2734
546 165 772 222 (35)

105 307 260 349 cultum
332 307 601 360 impugnaret.
720 305 860 362 Quare
930 307 1238 358 Tertullianus,

104 408 133 430 „
164 376 303 426 hoc‚'’
337 377 496 430 inquit,
528 406 557 429 „
588 379 751 432 exigere
778 377 966 426 debetis,
999 380 1057 419 uti
1090 380 1241 433 probe-

104 477 134 501 „
164 460 278 495 muS,
311 459 392 488 non
419 448 505 487 esse
533 445 628 488 illos
654 447 772 489 Deos
806 460 848 488 et
876 449 1033 489 idcirco
1061 463 1144 491 non
1171 464 1247 491 co-

103 547 133 570 „
162 517 336 567 lendos;
368 518 461 571 quia
497 529 581 559 tum
613 519 775 559 demum
806 519 891 560 coli
918 519 1179 567 debuissent,
1219 521 1246 562 fi

105 617 134 640 „
164 587 239 628 Dii
268 587 449 629 fuissent.
517 587 637 629 Tunc
675 600 720 627 et
760 588 984 631 Christiani
1024 590 1248 642 puniendi,

104 686 134 710 ‚‚
164 659 221 706 fi,
268 670 373 710 quos
412 670 496 698 non
539 658 754 707 coierent4
799 660 894 712 quia
933 671 1121 712 putarent
1164 671 1248 700 non

105 756 135 779 ,‚
165 727 270 776 esse,
303 727 533 777 constaret,
565 728 661 769 illos
692 727 811 768 Deos
841 728 973 769 esse.”

419 854 487 896 Di
481 855 716 910 judicatur
744 856 938 912 defensio.

165 996 230 1038 Ac
247 996 337 1037 sane
366 1008 601 1051 pergratum
633 996 733 1036 mihi
765 996 920 1050 saepius
948 997 1100 1040 accidit
1123 1009 1255 1043 atten-

110 1066 250 1116 denti,
294 1080 414 1120 quam
456 1068 605 1107 acriter
646 1078 883 1120 quantoque
927 1069 1050 1107 animi
1091 1067 1256 1109 fervore

109 1136 206 1177 huic
235 1137 433 1190 imprimis
461 1137 621 1177 crimini
649 1148 790 1177 noster
817 1136 1018 1177 restiterit.
1068 1136 1138 1177 -Et
1153 1148 1255 1179 vero

109 1207 186 1247 hac
215 1218 256 1246 re
283 1216 510 1259 occupatus
528 1218 612 1246 non
637 1217 802 1257 poterat
830 1219 915 1246 non
943 1207 1057 1249 sacro
1075 1208 1255 1260 quodam

109 1275 253 1319 ardore
286 1276 454 1328 corripi.
516 1274 586 1316 Ob
627 1275 833 1317 idolorum
864 1277 981 1316 enim
1014 1279 1253 1332 neglectum

109 1346 172 1389 illi
199 1346 451 1388 habebantur
472 1347 617 1400 impii,
643 1336 720 1398 qui
747 1346 882 1385 omnia
906 1345 1075 1388 absurda
1102 1358 1146 1388 et
1175 1347 1255 1387 οἰ)-γ

111 1416 259 1460 scoena
286 1418 327 1456 in
353 1429 496 1457 eorum
535 1415 651 1457 cultu
680 1415 759 1456 suis
788 1416 860 1467 ipfi
893 1417 1081 1468 quotidie
1119 1419 1252 1459 intue-

111 1487 258 1528 bantur
283 1485 444 1535 oculis,
488 1485 719 1538 quibusque
762 1485 982 1525 certisfime
1021 1485 1254 1538 persuasum

52 1594 54 1596 .
111 1567 221 1605 erat,
252 1568 298 1597 ea
322 1567 406 1596 non
428 1555 499 1595 nifi
526 1567 628 1595 vana
656 1555 812 1608 ingenii
841 1553 1034 1607 figmenta
1057 1555 1144 1595 esse
1178 1556 1257 1600 -has

110 1626 256 1668 benda.
317 1624 465 1679 Quid?
496 1624 610 1677 quod
637 1625 692 1663 ob
737 1623 819 1663 hoc
862 1624 1036 1662 maxime
1071 1626 1254 1674 crimen,

110 1710 207 1739 cum
235 1694 326 1749 ipso
357 1693 482 1734 laesae
520 1691 733 1747 majestatis
765 1693 915 1734 scelere
946 1693 1054 1746 apud
1093 1693 1254 1736 Roma-

111 1779 189 1807 nos
242 1764 460 1806 arctisfime
515 1762 812 1816 conjunctum,
871 1764 1124 1808 sacerdotum
1168 1776 1253 1805 non

115 1847 267 1876 tantum
306 1846 428 1886 atque
469 1831 670 1874 artificum
711 1832 928 1887 plebisque
966 1833 1252 1886 superstiosae,

115 1906 182 1947 sed
210 1905 510 1960 magistratuum
532 1904 654 1943 etiam
684 1904 783 1943 odio
815 1915 855 1944 et
883 1904 1012 1944 furori
1038 1903 1118 1944 sese
1140 1903 1252 1944 vide-

115 1976 211 2016 bant
250 1975 471 2027 expofitos.
532 1971 601 2012 Ob
645 1972 747 2013 illud
782 1972 938 2027 saepius
977 1976 1253 2023 vexabantur,

117 2045 166 2087 ad
201 2057 347 2099 rogum
374 2041 662 2094 trahebantur,
709 2043 879 2085 flammis
907 2045 1125 2086 urebantur
1156 2041 1180 2095 (
1189 2039 1253 2094 1).

1135 2111 1253 2168 Quae

119 2216 121 2219 .
163 2188 355 2235 (1)Doct.
377 2191 834 2235 Hugenhortz‚1.1.
857 2204 892 2237 p.
916 2193 974 2236 56.

644 2247 681 2292 C
715 2265 739 2292 2
