1513 2734
618 149 846 206 (79)

169 287 422 331 cavillationi
449 285 723 328 Tertullianus
750 301 832 330 non
862 290 1043 333 resistere
1077 302 1159 331 non
1190 304 1311 345 potu·

168 360 215 400 it.
276 358 321 399 In
348 358 430 399 hoc
469 361 576 408 enini
601 361 836 414 gravissimo
872 361 1082 416 religionis
1114 363 1313 405 Christia-

165 441 241 470 nae
284 428 441 482 placito
483 430 615 470 omnis
668 429 993 472 Christianorum
1033 433 1319 477 collocabatur

164 498 257 554 spes
313 499 508 553 fidesque.
599 498 666 540 Eo
702 500 863 541 demum
905 503 988 542 nixi
1034 515 1110 556 pro
1155 503 1313 546 Christi

154 569 282 611 causa
336 581 599 624 quascunque
648 569 896 611 calamitates
937 571 1100 614 fortiter
1143 574 1312 616 sustine-

166 637 265 681 bant
291 639 501 697 ipsamque
531 650 703 679 mortem
749 641 919 681 obibant
961 645 1165 698 intrepidi.
1226 647 1314 688 Ad-

164 708 245 758 de,
291 709 406 762 quod
450 709 530 749 hoc
563 708 790 761 placitum,
833 725 927 753 cum
963 713 1149 757 doctrina
1175 717 1226 758 de
1249 718 1313 772 ju-

163 780 277 822 dicio
305 780 445 821 futuro
472 781 690 821 arctisfime
733 781 1031 835 conjunctum,
1076 786 1186 827 illius
1226 789 1315 829 aevi

160 851 413 906 Apologeris
440 852 605 905 egregie
634 850 790 903 praesto
828 864 940 902 erat,
986 868 1072 908 quo
1112 857 1315 900 efficacius

160 923 393 964 adversariis
431 922 742 974 persuaderent,
785 921 1072 974 Christianos,
1114 928 1315 982 judicium

147 992 264 1034 illud
308 993 488 1034 futurum
523 992 787 1046 justisfimum
832 993 921 1034 fore
957 997 1189 1048 credentes,
1235 1013 1312 1043 nec

160 1063 331 1117 perditis
373 1063 557 1104 laborare
588 1064 799 1107 moribus,
845 1075 921 1105 nce
965 1079 1115 1121 temere
1145 1070 1313 1125 religio·

159 1145 252 1174 nem
291 1132 398 1175 suam
441 1135 521 1174 vita
565 1133 714 1174 habere
742 1135 941 1176 cariorem
973 1136 1067 1190 (ι).
1157 1139 1313 1183 Noster

161 1216 297 1244 autem
315 1206 354 1244 in
383 1205 464 1245 hoc
483 1204 639 1257 placito
669 1203 914 1259 yindicando
946 1208 999 1248 ita
1030 1210 1235 1259 versatur,
1268 1224 1313 1253 ut

160 1283 204 1316 et
245 1274 561 1323 adversariorum
595 1275 716 1314 risum
759 1274 809 1315 ab
846 1288 898 1316 eo
932 1277 1136 1319 declinare
1165 1291 1314 1324 motas-

160 1356 242 1398 que
274 1344 550 1385 dubitationes
588 1344 804 1392 refellere,
849 1355 890 1386 et
932 1360 1029 1388 vero
1063 1352 1311 1404 argumentis

159 1414 265 1458 illud
294 1414 565 1456 demonstrare
605 1415 910 1467 acprobabile
949 1418 1115 1460 reddere
1145 1419 1311 1460 studeat.

221 1484 349 1540 Quod
367 1486 489 1540 igitur
505 1484 554 1524 ad
577 1486 688 1537 prius
703 1499 1033 1538 argumentorum
1063 1502 1191 1543 genus
1220 1492 1311 1530 atti-

160 1567 261 1606 net,
315 1555 652 1622 inconsideratum
708 1555 792 1596 esse
837 1556 954 1598 illum
995 1558 1312 1602 adversariorum

160 1627 281 1668 risum
312 1626 588 1679 pulcherrime
621 1637 754 1677 neque
783 1627 937 1680 absque
981 1628 1060 1669 sale
1105 1632 1310 1682 ostendit,

162 1698 356 1750 opposito
409 1696 489 1747 hoc
533 1694 860 1750 Christianorum
903 1697 1060 1751 placito
1103 1699 1312 1757 Pythago-

135 1780 350 1822 'raeorum
381 1766 784 1818 metempsychoseos
819 1767 1041 1810 doctrinae.
1103 1770 1205 1812 Illos
1237 1773 1311 1814 sci-

134 1823 261 1881 2licet
287 1839 425 1890 inique
455 1848 574 1889 agere
611 1836 741 1885 dicit,
788 1840 857 1891 qui
897 1839 1075 1881 riderent
1112 1841 1313 1884 Christia-

159 1919 264 1956 nos,
311 1906 522 1947 credentes
566 1905 684 1957 fore,
728 1919 773 1948 ut
801 1909 850 1950 de
887 1910 1053 1951 homine
1091 1911 1311 1965 aliquando

160 1978 203 2019 in
231 1979 354 2018 vitani
386 1977 585 2017 rediturus
609 1977 711 2017 esset
738 1978 889 2028 homo,
935 1994 1029 2021 cum
1068 1981 1190 2023 facile
1231 1984 1310 2025 fcr-

160 2047 611 2102 rent-PythagoranS,
644 2047 871 2097 docentes,
917 2049 1125 2092 hominem
1156 2052 1310 2097 factum

1264 2128 1314 2168 iri

206 2194 271 2242 (1)
295 2196 398 2232 conf.
423 2195 827 2240 Eisenlohr,1.1.
849 2198 882 2233 S.
917 2199 979 2235 168
1016 2208 1051 2234 et
1082 2201 1158 2245 169.
