1513 2734
594 154 825 213 (1¹)

198 402 278 445 Sed
326 404 501 457 antiquis
556 404 746 458 gentibus
788 403 942 453 misfiS‚
990 399 1273 443 Germanicas

141 488 460 537 confideremus,
493 500 618 540 quae,
651 487 933 529 Romanorum
963 496 1169 539 occupato
1193 484 1273 525 Im-

139 572 286 624 perio,
332 569 462 611 sedem
492 583 631 611 nactae
661 571 750 612 sunt
780 583 852 624 per
880 569 1101 612 universam
1145 569 1272 610 ferme

143 651 366 707 Europam.
441 653 500 694 Ut
529 656 674 708 partim
704 653 797 695 illae
827 652 1136 701 meridionales‚
1183 664 1274 706 par-

143 738 213 777 tim
245 737 426 777 boreales
457 739 702 778 continentis
733 749 892 778 nostrae
930 748 1062 790 partes
1108 747 1244 776 tenent
1263 763 1277 784 ,

143 821 197 860 ita
224 833 417 873 perquam
450 819 537 860 sunt
569 833 590 860 a
620 819 658 859 se
688 820 862 860 invicem
894 818 1083 860 diversae.
1144 817 1279 858 Meri-

143 903 322 944 dionales
352 903 496 956 populi
526 903 646 943 rebus
676 904 890 956 capiuntur
926 902 1127 949 maxime,
1174 911 1278 953 quae

145 985 276 1027 sensus
307 986 486 1026 mulcent
515 997 554 1026 et
593 985 828 1026 oblectant:
876 996 1048 1033 ornatu,
1096 983 1280 1036 pompd,

147 1069 443 1124 magnificentia
472 1080 670 1109 tenentur.
717 1066 1062 1121 Septentrionales
1079 1079 1177 1106 vero
1195 1065 1281 1105 sen-

147 1151 251 1192 fibus
283 1153 407 1205 magis
436 1151 637 1191 ducuntur
666 1150 916 1199 moralibus;
963 1148 1166 1202 splendori
1210 1161 1281 1189 ex-

145 1245 261 1275 terno
303 1245 344 1274 et
385 1235 490 1274 inani
535 1232 683 1286 speciei
727 1212 956 1286 praeferunt
985 1231 1096 1285 quod
1125 1232 1280 1273 bonum

145 1329 207 1359 est
249 1328 290 1358 et
329 1330 470 1358 verum
513 1328 553 1357 et
581 1317 746 1378 justum.
805 1315 1006 1356 Libertati
1034 1327 1131 1356 vero
1160 1326 1276 1368 post-

144 1412 304 1456 ponunt
348 1412 501 1441 tantum
545 1412 628 1441 non
688 1400 836 1440 omnia.
907 1388 1102 1440 Naturale
1145 1409 1280 1438 autem

144 1484 278 1527 hocce
321 1483 489 1525 Latinae
533 1482 724 1536 Europae
769 1494 808 1523 et
840 1482 1107 1524 Germanicae
1138 1481 1280 1522 discri-

143 1581 236 1609 men
266 1569 306 1608 in
328 1565 499 1608 historia
528 1568 622 1607 item
640 1568 770 1620 patuit
786 1565 994 1607 Ecclesiae
1011 1565 1280 1606 Christianae.

201 1650 271 1692 Eo
297 1652 469 1692 maxime
501 1650 690 1691 tendebat
719 1649 920 1690 sacrorum
955 1648 1093 1690 seculo
1119 1648 1281 1689 decimo

145 1724 257 1776 sexto
279 1734 509 1774 emendatio
526 1764 539 1782 ‚
570 1732 841 1787 Reformcztio
859 1731 985 1787 vulgo
1001 1743 1146 1772 vocata
1163 1762 1175 1781 ‚
1208 1743 1277 1782 ut,

141 1817 244 1872 J'ugo
260 1816 432 1859 excusso
447 1816 706 1864 Hierarchiae
719 1815 953 1865 Romanae,
978 1816 1084 1870 justa
1097 1815 1278 1856 vindica-

144 1912 252 1942 retur
280 1902 453 1956 agendi,
481 1900 718 1955 cogitandi,
751 1899 944 1953 loquendi
961 1898 1156 1949 libertas;
1189 1911 1279 1938 cae-

145 1985 338 2025 rimoniae
376 1997 546 2033 omnes,
583 1985 714 2024 variae
744 1982 836 2023 illae
865 1994 905 2023 et
933 1981 1190 2036 splendidae,
1230 1982 1281 2023 acl

144 2066 337 2108 suminam
368 2068 656 2109 reducerentur
698 2066 1025 2120 fiinplicitatem3
1070 2066 1120 2106 ab
1166 2065 1279 2106 omni

145 2149 423 2204 superstitione
449 2163 489 2191 et
513 2150 697 2192 inanibus
728 2150 970 2191 commentis
987 2149 1071 2204 ipsa
1087 2149 1277 2190 defende-

144 2244 254 2276 retur
279 2233 464 2276 veritas.'
500 2232 576 2275 His
605 2246 704 2275 vero
732 2233 868 2275 studiis
909 2245 985 2275 nec
1021 2232 1112 2274 Itali
1156 2232 1278 2272 duce-

1184 2313 1280 2354 ban-
