1513 2734
720 141 952 199 (34)

262 283 395 324 derata
437 279 597 334 pondus
624 279 691 320 dat
720 279 917 334 sulphatis
947 281 1100 331 calcis,
1146 281 1171 322 fi
1201 278 1328 320 modo
1355 277 1403 321 il-

257 352 335 393 lius
378 353 538 404 pondus
572 364 595 391 a
637 352 763 391 totius
795 351 985 392 miscelae
1016 351 1194 404 pondere
1235 349 1403 391 substra-

258 423 390 463 hatur.
466 420 537 460 Sin
551 419 690 461 addito
718 420 838 462 acido
856 419 1313 474 hydrochloriconihil
1340 432 1402 459 re-

255 502 418 540 manet,
466 502 587 530 omne
629 502 680 532 ex
709 490 895 545 sulphate
923 491 1049 534 calcis
1079 489 1260 532 constare
1287 501 1402 544 prae·

255 562 469 614 cipitatum
502 571 632 613 patet.

310 629 855 684 Liquorihydrochlorico‚
886 632 1071 683 calcem,
1104 631 1342 684 magnesiam
1361 641 1402 669 et

252 701 404 744 ferrum
445 703 703 751 continenti,
749 703 849 744 adde
890 703 1135 744 ammoniam
1172 699 1400 754 liquidam,

253 785 356 825 quae
385 773 629 825 praecipitat
660 773 840 824 oxydum
866 773 991 822 ferri,
1039 771 1153 826 quod
1190 769 1402 824 colligitur

250 841 347 883 filtri
388 855 469 895 ope
510 854 551 882 et
593 842 873 895 ponderatum
917 843 1000 896 jam
1041 855 1140 882 vero
1191 840 1401 881 sub-car·

251 912 414 952 bonatis
453 913 654 965 peroxydi
697 912 823 962 ferri,
870 912 990 966 quale
1031 913 1113 953 hoc
1156 922 1238 960 est,
1285 923 1400 951 com-

247 981 449 1034 positione
492 982 688 1035 cognita,
729 983 880 1031 etiam,
923 983 1197 1035 proportione
1243 978 1399 1021 institu-

251 1063 315 1099 ta,
349 1051 548 1101 habetur,
594 1063 792 1105 quantum
831 1052 938 1092 acidi
967 1051 1179 1092 carbonici
1207 1049 1298 1090 addi
1330 1049 1399 1089 de-

247 1122 341 1162 beat
372 1122 539 1173 oxydo,
572 1134 617 1163 ut
645 1135 783 1163 nostra
826 1124 1029 1175 quantitas
1058 1122 1099 1161 in
1130 1119 1232 1159 sub·
1251 1119 1399 1160 carbo-

207 1217 210 1220 ·
248 1201 382 1230 natem
438 1203 644 1243 mutetur,
687 1192 791 1232 unde
834 1192 960 1247 igitur
1013 1191 1185 1232 habetur
1237 1188 1398 1242 pondus

246 1259 350 1300 sub·
367 1261 597 1303 carbonatis
625 1262 735 1302 ferri.

304 1329 480 1383 Liquori
513 1331 738 1384 superstiti,
779 1333 821 1372 in
852 1345 951 1385 quo·
972 1331 1061 1371 sunt
1096 1327 1396 1381 hydrochloras

247 1398 372 1441 calcis
396 1411 436 1440 et
467 1401 689 1454 magnesiae
717 1415 810 1443 cum
839 1402 1072 1449 ammonia,
1105 1398 1272 1439 addatur
1287 1397 1395 1439 solu-

249 1472 308 1511 tio
353 1469 704 1511 sub-carbonatis
745 1473 1005 1519 ammoniae,
1055 1470 1125 1522 qui
1167 1468 1295 1508 statim
1327 1468 1395 1508 de·

247 1541 540 1592 componiturz,
586 1540 812 1582 formantur
863 1540 1183 1582 sub-carbonas
1239 1537 1393 1587 calcis,

249 1611 320 1664 qui
361 1612 681 1663 praecipitatur,
728 1622 769 1650 et
803 1609 1102 1662 hydrochloras
1138 1610 1394 1656 ammoniae,

248 1682 320 1735 qui
359 1680 513 1721 solutus
552 1694 745 1722 remanet.
809 1680 1127 1731 Praecipitatum
1169 1678 1265 1718 filtri
1312 1690 1394 1730 ope

247 1751 499 1804 colligatur,
542 1751 755 1800 abluatur,
803 1753 976 1791 siccetur
1002 1760 1043 1788 et
1072 1748 1322 1801 ponderetur
1354 1759 1395 1787 et

248 1822 466 1863 habebitur
504 1823 584 1873 jam
629 1820 830 1873 quantitas
873 1819 1225 1860 sub-carbonatis
1253 1817 1393 1858 calcis.

249 1892 430 1932 Tandem
467 1891 628 1942 liquore
668 1889 799 1929 adhuc
842 1900 1002 1942 praeter
1042 1888 1119 1929 alia
1162 1889 1396 1928 continetur

248 1963 321 2002 sub
339 1958 568 2002 —carbonas
599 1959 849 2012 magnesiae,
881 1958 1020 2011 liquor
1048 1959 1173 2013 igitur
1199 1971 1393 2011 evapora-

250 2044 314 2072 tur
354 2044 474 2084 atque
519 2043 620 2083 aqua
650 2029 857 2078 abluiturz,
904 2031 959 2069 ita
1000 2028 1093 2069 salia
1129 2027 1285 2081 reliqua
1312 2027 1393 2068 sol-

248 2114 422 2151 ventur,
474 2102 534 2142 uti
574 2100 772 2142 carbonas
811 2100 1038 2141 ammoniae
1082 2094 1319 2153 superstes‚‘
1351 2109 1393 2137 et
