<?xml version="1.0" encoding="UTF-8"?>
<!DOCTYPE html PUBLIC "-//W3C//DTD XHTML 1.0 Transitional//EN"
    "http://www.w3.org/TR/xhtml1/DTD/xhtml1-transitional.dtd">
<html xmlns="http://www.w3.org/1999/xhtml" xml:lang="en" lang="en">
 <head>
  <title>
</title>
<meta http-equiv="Content-Type" content="text/html;charset=utf-8" />
  <meta name='ocr-system' content='tesseract 3.04.00' />
  <meta name='ocr-capabilities' content='ocr_page ocr_carea ocr_par ocr_line ocrx_word'/>
</head>
<body>
  <div class='ocr_page' id='page_1' title='image "annalesacademiae23acad_0162.png"; bbox 0 0 1513 2734; ppageno 0'>
   <div class='ocr_carea' id='block_1_1' title="bbox 699 134 924 191">
    <p class='ocr_par' dir='ltr' id='par_1_1' title="bbox 699 134 924 191">
     <span class='ocr_line' id='line_1_1' title="bbox 699 134 924 191; baseline 0 -1"><span class='ocrx_word' id='word_1_1' title='bbox 699 134 924 191; x_wconf 82' lang='lat'>(30)</span> 
     </span>
    </p>
   </div>
   <div class='ocr_carea' id='block_1_2' title="bbox 236 274 1425 2075">
    <p class='ocr_par' dir='ltr' id='par_1_2' title="bbox 236 274 1425 1740">
     <span class='ocr_line' id='line_1_2' title="bbox 240 274 1378 332; baseline 0 -13"><span class='ocrx_word' id='word_1_2' title='bbox 240 318 243 325; x_wconf 81' lang='grc'><strong>,</strong></span> <span class='ocrx_word' id='word_1_3' title='bbox 296 276 364 319; x_wconf 93' lang='lat' dir='ltr'>Ne</span> <span class='ocrx_word' id='word_1_4' title='bbox 383 286 517 318; x_wconf 81' lang='lat' dir='ltr'>autem</span> <span class='ocrx_word' id='word_1_5' title='bbox 545 275 586 314; x_wconf 87' lang='lat' dir='ltr'>in</span> <span class='ocrx_word' id='word_1_6' title='bbox 619 274 831 317; x_wconf 86' lang='lat' dir='ltr'>efferendis</span> <span class='ocrx_word' id='word_1_7' title='bbox 855 275 1153 332; x_wconf 85' lang='lat' dir='ltr'>Psychologiae</span> <span class='ocrx_word' id='word_1_8' title='bbox 1191 276 1378 319; x_wconf 83' lang='lat' dir='ltr'>laudibus</span> 
     </span>
     <span class='ocr_line' id='line_1_3' title="bbox 237 359 1380 413; baseline -0.002 -11"><span class='ocrx_word' id='word_1_9' title='bbox 237 359 325 402; x_wconf 90' lang='lat' dir='ltr'>sola</span> <span class='ocrx_word' id='word_1_10' title='bbox 352 360 620 407; x_wconf 79' lang='lat' dir='ltr'>auctoritate,</span> <span class='ocrx_word' id='word_1_11' title='bbox 652 370 719 399; x_wconf 82' lang='lat' dir='ltr'>aut</span> <span class='ocrx_word' id='word_1_12' title='bbox 748 361 887 413; x_wconf 87' lang='lat' dir='ltr'>potius</span> <span class='ocrx_word' id='word_1_13' title='bbox 921 360 1148 401; x_wconf 85' lang='lat' dir='ltr'>imitatione</span> <span class='ocrx_word' id='word_1_14' title='bbox 1190 371 1230 401; x_wconf 92' lang='lat' dir='ltr'>et</span> <span class='ocrx_word' id='word_1_15' title='bbox 1267 373 1380 401; x_wconf 89' lang='lat' dir='ltr'>vete·</span> 
     </span>
     <span class='ocr_line' id='line_1_4' title="bbox 237 443 1381 497; baseline -0.001 -12"><span class='ocrx_word' id='word_1_16' title='bbox 237 456 326 485; x_wconf 89' lang='lat' dir='ltr'>rum</span> <span class='ocrx_word' id='word_1_17' title='bbox 351 455 393 484; x_wconf 90' lang='lat' dir='ltr'>et</span> <span class='ocrx_word' id='word_1_18' title='bbox 421 443 694 484; x_wconf 87' lang='lat' dir='ltr'>recentiorum</span> <span class='ocrx_word' id='word_1_19' title='bbox 729 453 913 491; x_wconf 81' lang='lat' dir='ltr'>utamur,</span> <span class='ocrx_word' id='word_1_20' title='bbox 958 444 1000 483; x_wconf 86' lang='lat' dir='ltr'>in</span> <span class='ocrx_word' id='word_1_21' title='bbox 1029 444 1165 484; x_wconf 89' lang='lat' dir='ltr'>medio</span> <span class='ocrx_word' id='word_1_22' title='bbox 1206 455 1381 497; x_wconf 85' lang='lat' dir='ltr'>ponatur</span> 
     </span>
     <span class='ocr_line' id='line_1_5' title="bbox 238 524 1381 581; baseline 0 -15"><span class='ocrx_word' id='word_1_23' title='bbox 238 527 432 581; x_wconf 79' lang='lat' dir='ltr'>materia,</span> <span class='ocrx_word' id='word_1_24' title='bbox 478 538 598 579; x_wconf 89' lang='lat' dir='ltr'>quam</span> <span class='ocrx_word' id='word_1_25' title='bbox 644 537 789 566; x_wconf 85' lang='lat' dir='ltr'>tractat</span> <span class='ocrx_word' id='word_1_26' title='bbox 830 524 1120 580; x_wconf 85' lang='lat' dir='ltr'>Psychologia.</span> <span class='ocrx_word' id='word_1_27' title='bbox 1188 526 1312 567; x_wconf 88' lang='lat' dir='ltr'>Mens</span> <span class='ocrx_word' id='word_1_28' title='bbox 1340 528 1381 567; x_wconf 91' lang='lat' dir='ltr'>in</span> 
     </span>
     <span class='ocr_line' id='line_1_6' title="bbox 237 593 1412 669; baseline -0.002 -19"><span class='ocrx_word' id='word_1_29' title='bbox 237 608 378 662; x_wconf 84' lang='lat' dir='ltr'>seipsa</span> <span class='ocrx_word' id='word_1_30' title='bbox 405 610 685 658; x_wconf 86' lang='lat' dir='ltr'>convertitur,</span> <span class='ocrx_word' id='word_1_31' title='bbox 717 607 756 669; x_wconf 76' lang='lat' dir='ltr'>se</span> <span class='ocrx_word' id='word_1_32' title='bbox 784 608 869 662; x_wconf 85' lang='lat' dir='ltr'>ipsa</span> <span class='ocrx_word' id='word_1_33' title='bbox 890 608 1081 662; x_wconf 73' lang='lat' dir='ltr'>inspicit3</span> <span class='ocrx_word' id='word_1_34' title='bbox 1127 609 1213 649; x_wconf 88' lang='lat' dir='ltr'>suas</span> <span class='ocrx_word' id='word_1_35' title='bbox 1245 610 1381 659; x_wconf 85' lang='lat' dir='ltr'>vires,</span> <span class='ocrx_word' id='word_1_36' title='bbox 1410 593 1412 595; x_wconf 66' lang='lat'>‚</span> 
     </span>
     <span class='ocr_line' id='line_1_7' title="bbox 236 690 1383 746; baseline -0.001 -13"><span class='ocrx_word' id='word_1_37' title='bbox 236 690 481 742; x_wconf 79' lang='lat' dir='ltr'>facultates,</span> <span class='ocrx_word' id='word_1_38' title='bbox 511 691 748 732; x_wconf 85' lang='lat' dir='ltr'>affectiones</span> <span class='ocrx_word' id='word_1_39' title='bbox 766 722 778 739; x_wconf 89' lang='lat'><strong>‚</strong></span> <span class='ocrx_word' id='word_1_40' title='bbox 810 693 992 733; x_wconf 81' lang='lat' dir='ltr'>actiones</span> <span class='ocrx_word' id='word_1_41' title='bbox 1016 693 1230 746; x_wconf 86' lang='lat' dir='ltr'>perquirit.</span> <span class='ocrx_word' id='word_1_42' title='bbox 1267 692 1383 733; x_wconf 90' lang='lat' dir='ltr'>Con-</span> 
     </span>
     <span class='ocr_line' id='line_1_8' title="bbox 237 774 1383 829; baseline -0.001 -13"><span class='ocrx_word' id='word_1_43' title='bbox 237 775 495 828; x_wconf 75' lang='lat' dir='ltr'>templationi</span> <span class='ocrx_word' id='word_1_44' title='bbox 525 776 772 828; x_wconf 87' lang='lat' dir='ltr'>proponitur</span> <span class='ocrx_word' id='word_1_45' title='bbox 796 774 992 825; x_wconf 78' lang='lat' dir='ltr'>facultas,</span> <span class='ocrx_word' id='word_1_46' title='bbox 1024 789 1104 828; x_wconf 91' lang='lat' dir='ltr'>qua</span> <span class='ocrx_word' id='word_1_47' title='bbox 1132 777 1383 829; x_wconf 82' lang='lat' dir='ltr'>percipimus</span> 
     </span>
     <span class='ocr_line' id='line_1_9' title="bbox 237 857 1378 912; baseline -0.001 -14"><span class='ocrx_word' id='word_1_48' title='bbox 237 869 409 912; x_wconf 80' lang='lat' dir='ltr'>eaquae</span> <span class='ocrx_word' id='word_1_49' title='bbox 426 859 515 899; x_wconf 89' lang='lat' dir='ltr'>sunt</span> <span class='ocrx_word' id='word_1_50' title='bbox 538 857 814 907; x_wconf 81' lang='lat' dir='ltr'>extrinsecus,</span> <span class='ocrx_word' id='word_1_51' title='bbox 847 869 888 898; x_wconf 94' lang='lat' dir='ltr'>et</span> <span class='ocrx_word' id='word_1_52' title='bbox 917 870 1020 911; x_wconf 85' lang='lat' dir='ltr'>quae</span> <span class='ocrx_word' id='word_1_53' title='bbox 1043 859 1083 898; x_wconf 92' lang='lat' dir='ltr'>in</span> <span class='ocrx_word' id='word_1_54' title='bbox 1098 859 1219 899; x_wconf 89' lang='lat' dir='ltr'>nobis</span> <span class='ocrx_word' id='word_1_55' title='bbox 1247 858 1378 908; x_wconf 77' lang='lat' dir='ltr'>fiunt3</span> 
     </span>
     <span class='ocr_line' id='line_1_10' title="bbox 241 940 1384 995; baseline -0.001 -13"><span class='ocrx_word' id='word_1_56' title='bbox 241 952 326 982; x_wconf 87' lang='lat' dir='ltr'>tum</span> <span class='ocrx_word' id='word_1_57' title='bbox 366 946 463 995; x_wconf 56' lang='lat' dir='ltr'>qua*</span> <span class='ocrx_word' id='word_1_58' title='bbox 484 952 678 994; x_wconf 85' lang='lat' dir='ltr'>percepta</span> <span class='ocrx_word' id='word_1_59' title='bbox 715 940 895 993; x_wconf 30' lang='lat' dir='ltr'>,senfibus</span> <span class='ocrx_word' id='word_1_60' title='bbox 933 940 1042 993; x_wconf 81' lang='lat' dir='ltr'>apud</span> <span class='ocrx_word' id='word_1_61' title='bbox 1079 952 1155 980; x_wconf 85' lang='lat' dir='ltr'>nos</span> <span class='ocrx_word' id='word_1_62' title='bbox 1193 940 1384 981; x_wconf 81' lang='lat' dir='ltr'>instaura-</span> 
     </span>
     <span class='ocr_line' id='line_1_11' title="bbox 238 1023 1382 1077; baseline -0.001 -14"><span class='ocrx_word' id='word_1_63' title='bbox 238 1028 326 1064; x_wconf 81' lang='lat' dir='ltr'>mu&#39;s</span> <span class='ocrx_word' id='word_1_64' title='bbox 343 1053 356 1073; x_wconf 82' lang='lat'>‚</span> <span class='ocrx_word' id='word_1_65' title='bbox 387 1035 509 1077; x_wconf 84' lang='lat' dir='ltr'>atque</span> <span class='ocrx_word' id='word_1_66' title='bbox 524 1028 544 1073; x_wconf 80' lang='grc'>,’</span> <span class='ocrx_word' id='word_1_67' title='bbox 569 1024 676 1064; x_wconf 87' lang='lat' dir='ltr'>varia</span> <span class='ocrx_word' id='word_1_68' title='bbox 693 1024 990 1075; x_wconf 87' lang='lat' dir='ltr'>compofitione</span> <span class='ocrx_word' id='word_1_69' title='bbox 1006 1053 1019 1073; x_wconf 82' lang='lat'><em>‚</em></span> <span class='ocrx_word' id='word_1_70' title='bbox 1048 1034 1154 1063; x_wconf 88' lang='lat' dir='ltr'>nova</span> <span class='ocrx_word' id='word_1_71' title='bbox 1170 1023 1382 1077; x_wconf 83' lang='lat' dir='ltr'>fingimus;</span> 
     </span>
     <span class='ocr_line' id='line_1_12' title="bbox 238 1106 1385 1161; baseline 0 -14"><span class='ocrx_word' id='word_1_72' title='bbox 238 1119 319 1160; x_wconf 86' lang='lat' dir='ltr'>qua</span> <span class='ocrx_word' id='word_1_73' title='bbox 344 1107 547 1161; x_wconf 84' lang='lat' dir='ltr'>cogitata,</span> <span class='ocrx_word' id='word_1_74' title='bbox 575 1106 811 1156; x_wconf 77' lang='lat' dir='ltr'>instaurata,</span> <span class='ocrx_word' id='word_1_75' title='bbox 853 1118 896 1146; x_wconf 88' lang='lat' dir='ltr'>et</span> <span class='ocrx_word' id='word_1_76' title='bbox 927 1106 1142 1147; x_wconf 70' lang='lat' dir='ltr'>insormata</span> <span class='ocrx_word' id='word_1_77' title='bbox 1169 1107 1385 1147; x_wconf 82' lang='lat' dir='ltr'>conserva-</span> 
     </span>
     <span class='ocr_line' id='line_1_13' title="bbox 239 1188 1385 1244; baseline 0 -14"><span class='ocrx_word' id='word_1_78' title='bbox 239 1203 358 1240; x_wconf 56' lang='lat' dir='ltr'>musg</span> <span class='ocrx_word' id='word_1_79' title='bbox 390 1203 468 1244; x_wconf 86' lang='lat' dir='ltr'>qua</span> <span class='ocrx_word' id='word_1_80' title='bbox 496 1202 629 1230; x_wconf 85' lang='lat' dir='ltr'>rerum</span> <span class='ocrx_word' id='word_1_81' title='bbox 659 1190 943 1244; x_wconf 78' lang='lat' dir='ltr'>cognitionem</span> <span class='ocrx_word' id='word_1_82' title='bbox 971 1199 1012 1229; x_wconf 84' lang='lat' dir='ltr'>et</span> <span class='ocrx_word' id='word_1_83' title='bbox 1046 1188 1252 1232; x_wconf 82' lang='lat' dir='ltr'>scientiam</span> <span class='ocrx_word' id='word_1_84' title='bbox 1294 1191 1385 1243; x_wconf 79' lang='lat' dir='ltr'>per-</span> 
     </span>
     <span class='ocr_line' id='line_1_14' title="bbox 239 1270 1384 1327; baseline -0.001 -14"><span class='ocrx_word' id='word_1_85' title='bbox 239 1272 400 1314; x_wconf 84' lang='lat' dir='ltr'>ficimus</span> <span class='ocrx_word' id='word_1_86' title='bbox 446 1271 736 1327; x_wconf 82' lang='lat' dir='ltr'>intelligendo,</span> <span class='ocrx_word' id='word_1_87' title='bbox 779 1272 1003 1326; x_wconf 84' lang='lat' dir='ltr'>judicando</span> <span class='ocrx_word' id='word_1_88' title='bbox 1044 1283 1085 1313; x_wconf 90' lang='lat' dir='ltr'>et</span> <span class='ocrx_word' id='word_1_89' title='bbox 1134 1270 1384 1314; x_wconf 90' lang='lat' dir='ltr'>concluden-</span> 
     </span>
     <span class='ocr_line' id='line_1_15' title="bbox 240 1354 1386 1410; baseline -0.002 -13"><span class='ocrx_word' id='word_1_90' title='bbox 240 1356 321 1406; x_wconf 64' lang='grc' dir='ltr'>εἷος</span> <span class='ocrx_word' id='word_1_91' title='bbox 347 1367 450 1397; x_wconf 66' lang='lat' dir='ltr'>&#39;tum</span> <span class='ocrx_word' id='word_1_92' title='bbox 491 1355 623 1396; x_wconf 88' lang='lat' dir='ltr'>sensus</span> <span class='ocrx_word' id='word_1_93' title='bbox 660 1354 863 1410; x_wconf 89' lang='lat' dir='ltr'>jucundus</span> <span class='ocrx_word' id='word_1_94' title='bbox 906 1365 947 1395; x_wconf 88' lang='lat' dir='ltr'>et</span> <span class='ocrx_word' id='word_1_95' title='bbox 987 1354 1211 1403; x_wconf 65' lang='lat' dir='ltr'>molesum,</span> <span class='ocrx_word' id='word_1_96' title='bbox 1252 1355 1386 1396; x_wconf 88' lang='lat' dir='ltr'>sensus</span> 
     </span>
     <span class='ocr_line' id='line_1_16' title="bbox 240 1438 1388 1491; baseline -0.003 -13"><span class='ocrx_word' id='word_1_97' title='bbox 240 1440 339 1478; x_wconf 82' lang='lat' dir='ltr'>veri·</span> <span class='ocrx_word' id='word_1_98' title='bbox 366 1450 407 1478; x_wconf 89' lang='lat' dir='ltr'>et</span> <span class='ocrx_word' id='word_1_99' title='bbox 434 1438 626 1491; x_wconf 88' lang='lat' dir='ltr'>pulchri,</span> <span class='ocrx_word' id='word_1_100' title='bbox 667 1438 937 1491; x_wconf 78' lang='lat' dir='ltr'>cupiditates,</span> <span class='ocrx_word' id='word_1_101' title='bbox 983 1439 1132 1491; x_wconf 88' lang='lat' dir='ltr'>quibus</span> <span class='ocrx_word' id='word_1_102' title='bbox 1173 1438 1222 1478; x_wconf 84' lang='lat' dir='ltr'>ad</span> <span class='ocrx_word' id='word_1_103' title='bbox 1255 1439 1388 1479; x_wconf 65' lang='lat' dir='ltr'>actio-„a</span> 
     </span>
     <span class='ocr_line' id='line_1_17' title="bbox 241 1520 1384 1575; baseline 0.001 -14"><span class='ocrx_word' id='word_1_104' title='bbox 241 1534 341 1570; x_wconf 86' lang='lat' dir='ltr'>nes,</span> <span class='ocrx_word' id='word_1_105' title='bbox 372 1534 524 1575; x_wconf 88' lang='lat' dir='ltr'>corpus</span> <span class='ocrx_word' id='word_1_106' title='bbox 550 1533 590 1561; x_wconf 91' lang='lat' dir='ltr'>et</span> <span class='ocrx_word' id='word_1_107' title='bbox 614 1522 792 1561; x_wconf 79' lang='lat' dir='ltr'>animum</span> <span class='ocrx_word' id='word_1_108' title='bbox 813 1532 1048 1562; x_wconf 81' lang='lat' dir='ltr'>exercentes</span> <span class='ocrx_word' id='word_1_109' title='bbox 1064 1550 1077 1570; x_wconf 80' lang='lat'>‚</span> <span class='ocrx_word' id='word_1_110' title='bbox 1109 1520 1384 1574; x_wconf 77' lang='lat' dir='ltr'>impellimur3</span> 
     </span>
     <span class='ocr_line' id='line_1_18' title="bbox 244 1604 1425 1658; baseline 0 -14"><span class='ocrx_word' id='word_1_111' title='bbox 244 1604 390 1645; x_wconf 88' lang='lat' dir='ltr'>deinde</span> <span class='ocrx_word' id='word_1_112' title='bbox 418 1605 718 1645; x_wconf 88' lang='lat' dir='ltr'>commotiones</span> <span class='ocrx_word' id='word_1_113' title='bbox 761 1615 801 1644; x_wconf 90' lang='lat' dir='ltr'>et</span> <span class='ocrx_word' id='word_1_114' title='bbox 839 1604 974 1645; x_wconf 87' lang='lat' dir='ltr'>morbi</span> <span class='ocrx_word' id='word_1_115' title='bbox 1013 1605 1164 1654; x_wconf 83' lang='lat' dir='ltr'>animi,</span> <span class='ocrx_word' id='word_1_116' title='bbox 1210 1604 1385 1658; x_wconf 88' lang='lat' dir='ltr'>denique</span> <span class='ocrx_word' id='word_1_117' title='bbox 1420 1636 1425 1639; x_wconf 24' lang='grc' dir='ltr'><strong><em>Δ</em></strong></span> 
     </span>
     <span class='ocr_line' id='line_1_19' title="bbox 243 1687 1085 1740; baseline 0 -12"><span class='ocrx_word' id='word_1_118' title='bbox 243 1689 366 1728; x_wconf 79' lang='lat' dir='ltr'>animi</span> <span class='ocrx_word' id='word_1_119' title='bbox 395 1699 436 1728; x_wconf 90' lang='lat' dir='ltr'>et</span> <span class='ocrx_word' id='word_1_120' title='bbox 462 1689 650 1740; x_wconf 77' lang='lat' dir='ltr'>corporis</span> <span class='ocrx_word' id='word_1_121' title='bbox 677 1687 848 1727; x_wconf 74' lang='lat' dir='ltr'>sccietas</span> <span class='ocrx_word' id='word_1_122' title='bbox 877 1687 1085 1728; x_wconf 86' lang='lat' dir='ltr'>mirabilis.</span> 
     </span>
    </p>

    <p class='ocr_par' dir='ltr' id='par_1_3' title="bbox 248 1769 1388 2075">
     <span class='ocr_line' id='line_1_20' title="bbox 252 1769 1386 1824; baseline -0.001 -13"><span class='ocrx_word' id='word_1_123' title='bbox 252 1798 254 1801; x_wconf 55' lang='lat'>&gt;</span> <span class='ocrx_word' id='word_1_124' title='bbox 303 1770 370 1811; x_wconf 88' lang='lat' dir='ltr'>At·</span> <span class='ocrx_word' id='word_1_125' title='bbox 389 1782 516 1819; x_wconf 82' lang='lat' dir='ltr'>vero,</span> <span class='ocrx_word' id='word_1_126' title='bbox 548 1782 857 1824; x_wconf 76' lang='lat' dir='ltr'>quantacunque</span> <span class='ocrx_word' id='word_1_127' title='bbox 885 1769 932 1810; x_wconf 87' lang='lat' dir='ltr'>fit</span> <span class='ocrx_word' id='word_1_128' title='bbox 960 1770 1059 1811; x_wconf 83' lang='lat' dir='ltr'>haec</span> <span class='ocrx_word' id='word_1_129' title='bbox 1087 1769 1386 1824; x_wconf 81' lang='lat' dir='ltr'>Psychologiae</span> 
     </span>
     <span class='ocr_line' id='line_1_21' title="bbox 248 1853 1387 1930; baseline 0 -36"><span class='ocrx_word' id='word_1_130' title='bbox 248 1855 591 1907; x_wconf 80' lang='lat' dir='ltr'>materia‚:quam</span> <span class='ocrx_word' id='word_1_131' title='bbox 609 1854 803 1894; x_wconf 71' lang='lat' dir='ltr'>universe</span> <span class='ocrx_word' id='word_1_132' title='bbox 830 1865 982 1909; x_wconf 81' lang='lat' dir='ltr'>tantum</span> <span class='ocrx_word' id='word_1_133' title='bbox 1013 1856 1268 1930; x_wconf 49' lang='lat' dir='ltr'>notavimug,</span> <span class='ocrx_word' id='word_1_134' title='bbox 1298 1853 1387 1895; x_wconf 86' lang='lat' dir='ltr'>sunt</span> 
     </span>
     <span class='ocr_line' id='line_1_22' title="bbox 249 1936 1388 1992; baseline 0 -16"><span class='ocrx_word' id='word_1_135' title='bbox 249 1936 349 1986; x_wconf 76' lang='lat' dir='ltr'>alia,</span> <span class='ocrx_word' id='word_1_136' title='bbox 381 1949 508 1991; x_wconf 85' lang='lat' dir='ltr'>eaque</span> <span class='ocrx_word' id='word_1_137' title='bbox 552 1937 700 1978; x_wconf 12' lang='lat' dir='ltr'>multo?</span> <span class='ocrx_word' id='word_1_138' title='bbox 723 1938 907 1992; x_wconf 85' lang='lat' dir='ltr'>graviora</span> <span class='ocrx_word' id='word_1_139' title='bbox 949 1938 991 1978; x_wconf 92' lang='lat' dir='ltr'>in</span> <span class='ocrx_word' id='word_1_140' title='bbox 1033 1938 1170 1978; x_wconf 85' lang='lat' dir='ltr'>animo</span> <span class='ocrx_word' id='word_1_141' title='bbox 1209 1936 1388 1978; x_wconf 86' lang='lat' dir='ltr'>hominis</span> 
     </span>
     <span class='ocr_line' id='line_1_23' title="bbox 251 2019 713 2075; baseline 0 -15"><span class='ocrx_word' id='word_1_142' title='bbox 251 2020 486 2075; x_wconf 81' lang='lat' dir='ltr'>indaganda.</span> <span class='ocrx_word' id='word_1_143' title='bbox 547 2019 713 2060; x_wconf 88' lang='lat' dir='ltr'>Etenim</span> 
     </span>
    </p>
   </div>
   <div class='ocr_carea' id='block_1_3' title="bbox 253 2162 1388 2223">
    <p class='ocr_par' dir='ltr' id='par_1_4' title="bbox 253 2162 1388 2223">
     <span class='ocr_line' id='line_1_24' title="bbox 253 2162 1388 2223; baseline 0.001 -16"><span class='ocrx_word' id='word_1_144' title='bbox 253 2162 335 2208; x_wconf 80' lang='lat' dir='ltr'>Est</span> <span class='ocrx_word' id='word_1_145' title='bbox 375 2163 494 2206; x_wconf 76' lang='lat' dir='ltr'>Deus</span> <span class='ocrx_word' id='word_1_146' title='bbox 523 2166 568 2207; x_wconf 79' lang='lat' dir='ltr'>in</span> <span class='ocrx_word' id='word_1_147' title='bbox 598 2164 742 2208; x_wconf 78' lang='lat' dir='ltr'>nobis:</span> <span class='ocrx_word' id='word_1_148' title='bbox 785 2165 983 2223; x_wconf 72' lang='lat' dir='ltr'>agitante</span> <span class='ocrx_word' id='word_1_149' title='bbox 1015 2162 1261 2223; x_wconf 76' lang='lat' dir='ltr'>calescimus</span> <span class='ocrx_word' id='word_1_150' title='bbox 1301 2165 1388 2208; x_wconf 80' lang='lat' dir='ltr'>illo.</span> 
     </span>
    </p>
   </div>
   <div class='ocr_carea' id='block_1_4' title="bbox 1315 2308 1392 2351">
    <p class='ocr_par' dir='ltr' id='par_1_5' title="bbox 1315 2308 1392 2351">
     <span class='ocr_line' id='line_1_25' title="bbox 1315 2308 1392 2351; baseline -0.052 0"><span class='ocrx_word' id='word_1_151' title='bbox 1315 2308 1392 2351; x_wconf 87' lang='lat' dir='ltr'>Est</span> 
     </span>
    </p>
   </div>
  </div>
 </body>
</html>
