1513 2734
0 1370 5 1531 Ξ

0 1534 3 1635 ’

481 114 734 173 (143)

98 269 191 311 est,
234 257 352 313 plura
391 257 649 299 inveniuntur
680 258 721 298 in
746 255 907 298 Codice
936 265 1098 301 nostro·

99 331 172 373 sic
208 343 250 371 v.
288 342 348 383 gr.
377 329 509 383 agitur
535 327 585 367 de
615 328 693 377 iis,
738 328 809 381 qui
835 328 1096 380 praesumun-

98 412 166 442 tur
204 398 419 447 absentes,
466 396 651 450 adeoque
693 397 829 446 censet
857 397 1095 454 legislator,

96 482 170 513 eos
198 469 429 512 adhucdum
457 470 497 508 in
525 469 630 514 vivis
651 467 736 508 esse
766 466 792 521 (
800 466 863 520 1).
923 467 998 509 Sin
1025 482 1100 511 au-

97 553 182 583 tem
205 540 383 582 absentia
411 550 486 591 per
512 549 574 578 tot
611 551 739 579 annos
779 538 1006 590 duraverit,
1050 552 1098 583 ut

95 612 302 652 ordinario
318 609 504 649 homines
528 610 678 649 mortui
708 608 861 650 censeri
891 609 1095 662 debeant,

93 680 163 721 lex
192 682 313 722 etiam
339 678 585 733 praesumit,
617 691 689 719 eos
717 691 802 720 non
826 679 1000 734 amplius
1025 693 1096 723 ex·

93 751 217 792 istere
244 748 340 805 (2).
393 748 461 790 Sic
481 761 609 802 porro
638 745 718 802 (3)
746 750 786 790 in
812 751 915 791 vivis
935 751 1097 804 praesu-

93 831 257 860 muntur
299 819 615 869 adscendentes,
659 832 836 874 quorum
879 822 1098 864 consensus

92 889 144 930 ad
170 892 334 944 nuptias
364 890 556 932 ineundas
585 892 831 945 requiritur,
861 893 931 933 nifi
950 893 998 933 de
1023 904 1096 934 eo·

91 973 181 1001 rum
225 973 356 1002 morte
406 962 592 1016 legitime
647 961 817 1003 constet.
907 962 976 1004 Sic
1017 965 1096 1003 eti·

90 1043 156 1072 am
200 1044 252 1073 ex
316 1032 685 1086 praesumtionibus
728 1032 1018 1082 concluditur,
1064 1033 1094 1075 fi

90 1103 133 1142 in
176 1102 269 1144 casu
310 1102 508 1158 naufragii
549 1104 615 1144 vel
645 1103 854 1145 aliomodo
879 1103 1017 1157 plures
1044 1103 1093 1144 fi-

91 1171 176 1214 mul
207 1174 430 1226 perierint,
478 1176 644 1228 quinam
676 1175 823 1216 ceteris
848 1174 1094 1228 supervixis-

90 1243 131 1297 se
172 1244 393 1285 censendus
430 1246 476 1286 fit
504 1242 601 1298 (4).
662 1243 720 1285 Et
751 1244 850 1286 haec
878 1243 982 1298 legis
1011 1243 1092 1283 dis·

88 1313 242 1366 pofitio
265 1326 327 1355 est
368 1315 532 1355 maximi
573 1315 784 1357 momenti.
843 1311 954 1354 Nam
991 1313 1019 1354 fi
1049 1326 1090 1354 v.

88 1396 152 1438 gr.
180 1396 296 1438 pater
325 1372 452 1426 filium
483 1385 596 1427 suum
621 1383 910 1434 exheredavit,
941 1394 1092 1424 etcum

85 1452 220 1496 altero
250 1453 339 1495 filio
367 1456 408 1495 in
433 1455 646 1509 naufragio
673 1455 788 1497 fimul
817 1457 939 1510 periit
959 1485 974 1506 ,
1015 1454 1092 1497 filii
1114 1478 1117 1481 -

89 1522 312 1578 superstitis
341 1535 432 1564 ante
463 1526 600 1566 omnia
627 1527 821 1575 interest,
842 1526 972 1575 scire,
1003 1526 1093 1567 cui-

89 1605 184 1635 nam
207 1593 427 1644 succedat,
457 1597 593 1647 patri,
636 1608 686 1635 an
714 1596 863 1637 fratri?
908 1596 953 1637 Si
981 1597 1092 1637 enim

89 1664 195 1716 patri
233 1662 441 1713 succedit,
486 1675 627 1718 petere
661 1667 804 1719 nequit
830 1667 900 1708 nifi
930 1667 1092 1720 portio-

997 1748 1091 1778 nem

96 1829 100 1832 ’
133 1821 199 1866 (1)
222 1823 298 1858 Vid.
322 1824 410 1858 Artt.
435 1834 495 1858 112
527 1833 597 1858 etc.
622 1824 688 1859 eod.

137 1879 203 1924 (2)
227 1880 303 1915 Vid.
327 1882 402 1915 Art.
421 1890 483 1925 129
496 1883 561 1916 eod.
590 1883 691 1916 conf.
708 1883 740 1916 D
757 1892 774 1916 e
792 1884 801 1915 1
817 1883 897 1916 vin
913 1894 932 1918 c
947 1894 1006 1918 ou
1020 1893 1090 1927 rt,

92 1938 151 1982 Op.
174 1937 262 1972 laud.
291 1938 413 1971 V01.1.
437 1947 604 1980 pag.352.
630 1940 655 1973 P
670 1939 690 1972 h
707 1940 742 1972 il
758 1940 805 1983 ip
821 1940 868 1974 se
884 1966 895 1981 ,
920 1942 1092 1978 comment.

89 1995 128 2028 de
154 1994 288 2036 Abfi’nt.
307 1993 424 2035 ·Lugd.
449 1994 522 2028 Bat.
549 1997 646 2031 1820.
667 2006 739 2039 pag.
770 2009 814 2041 74
827 1999 899 2042 sqq.
924 1999 953 2032 L
969 2009 990 2032 0
1005 2009 1025 2033 c
1040 2000 1090 2034 re'

89 2058 126 2084 et
154 2050 402 2089 Pailliet,
426 2051 472 2084 ad
491 2051 575 2087 cad.
599 2054 699 2088 Artt.
727 2065 786 2089 112
812 2056 883 2098 sqq.

134 2104 200 2152 (3)
221 2106 299 2140 Vid.
315 2108 390 2141 Art.
414 2108 492 2150 283.
515 2105 565 2143 11⁰.
589 2120 622 2153 3.
650 2111 722 2147 cod.
748 2111 839 2156 sz.

133 2162 201 2208 (4)
221 2163 296 2200 vid.
318 2165 405 2200 Artt.
429 2176 496 2209 720
513 2186 525 2192 -
539 2177 604 2210 722
628 2168 694 2203 eod.
