1513 2734
651 119 677 171 (
741 118 877 170 ων)

196 259 306 302 nulla
334 260 504 300 omnino
533 268 593 298 est
622 258 796 307 veritaS,
826 256 937 298 nulla
964 258 1182 312 cognitio,
1226 259 1343 303 nulla

195 343 316 384 etiam
346 341 575 390 dubitatio,
607 352 690 393 quo
718 340 820 380 nihil
850 351 987 392 potest
1015 340 1099 380 esse
1130 344 1256 394 magis
1271 343 1342 384 a'b-

196 419 370 468 surdum.
428 423 567 479 Quare
599 423 743 463 merito
772 423 936 464 affirmat
966 423 1195 472 Cartefius,
1226 427 1342 479 cogi-

195 509 418 556 tationem,
449 518 568 560 atque
583 506 746 554 onmia,
775 518 901 558 quae,
933 507 1054 546 nobis
1077 507 1270 557 consciis,
1299 509 1343 549 in

193 592 314 633 nobis
342 590 469 639 fiunt,
501 590 649 630 certius
678 601 797 641 quam
827 588 951 630 ullam
980 601 1064 630 rem
1094 602 1339 642 corpoream

192 673 394 728 cognosci
410 702 423 722 ,
454 683 575 725 atque
591 672 632 712 id
649 669 778 725 ipsum
795 701 808 721 ,
837 672 972 726 cogito
991 684 1089 726 ergo
1108 668 1228 725 sum,
1254 672 1341 713 esse

193 757 374 798 omnium
405 756 688 811 cognitionum
714 755 988 796 certissimam.
1031 753 1170 810 Atque
1187 737 1356 796 etiamst*

192 839 468 887 concedatur,
496 851 636 881 verum
665 837 748 877 esse
766 867 780 887 ‚
823 838 936 891 quod
965 837 1107 881 docuit
1136 837 1339 886 KantiuS,

194 921 326 963 sensus
343 923 510 962 omnino
526 933 607 961 non
621 920 761 961 fallere
778 949 791 969 ,
823 922 1015 985 quoniam
1030 932 1113 960 non
1125 919 1338 974 judicent,

192 1004 260 1045 sed
300 1003 425 1045 solam
464 1003 673 1057 judicandi
716 1004 922 1062 materiam
963 1001 1157 1050 afferant,
1203 1014 1337 1043 tamen

191 1085 528 1134 concedendum,
558 1097 647 1125 eam
674 1086 879 1126 materiam
896 1115 909 1135 ,
955 1097 1074 1138 quam
1097 1084 1211 1126 affert
1248 1085 1336 1126 sen-

191 1168 256 1209 sus
293 1179 510 1218 externuS,
553 1167 638 1208 fere
678 1166 834 1220 semper
862 1168 1125 1208 commixtam
1150 1168 1234 1208 esse
1264 1169 1332 1218 ei,

192 1263 311 1305 quam
336 1251 514 1305 suggerit
540 1251 806 1304 imaginatio,
844 1250 950 1291 unde
991 1252 1190 1292 innumeri
1227 1251 1333 1299 exis-

192 1345 282 1379 tunt
307 1345 478 1374 errores.
509 1354 551 1364 —
581 1332 868 1373 Kantiiautem
885 1332 1144 1374 Idealismum
1162 1364 1175 1381 ,
1208 1345 1332 1387 quem

190 1427 313 1458 vocat
351 1415 808 1465 Transscendentalem,
852 1417 1068 1475 praeterire
1104 1417 1184 1457 hoc
1229 1416 1330 1457 loco

190 1501 403 1554 possumus
430 1510 550 1553 atque
579 1499 786 1543 debemus.
848 1498 886 1538 Is
914 1501 1020 1539 enim
1038 1529 1050 1548 ,
1082 1498 1109 1538 fi
1138 1499 1329 1540 fibicon-

191 1583 336 1631 sentit,
368 1582 418 1623 ad
440 1582 771 1634 Pyrrhonismum
791 1612 804 1631 ,
832 1583 1020 1626 omnibus
1044 1583 1229 1623 'numeris
1256 1581 1329 1623 ab·
1377 1599 1379 1601 ¹

191 1665 394 1714 solutum,
437 1665 667 1707 conducere
711 1664 895 1713 videtur,
952 1678 1194 1717 quamquam
1233 1678 1328 1706 auc-

192 1760 257 1788 tor
286 1748 371 1801 ipse
410 1760 501 1788 eum
539 1747 725 1788 refellere
770 1748 842 1789 fibi
878 1747 1158 1800 proposuerat.
1218 1747 1327 1789 Cum

190 1832 328 1881 enim,
372 1843 422 1870 ex
474 1831 553 1871 hoc
596 1829 838 1879 Idealismo,
884 1842 967 1870 non
1032 1830 1164 1870 solum
1206 1831 1327 1884 spati-

190 1927 258 1957 um
295 1913 361 1954 sed
404 1914 524 1954 etiam
565 1925 722 1966 tempus
761 1925 893 1953 merae
932 1913 1004 1955 fint
1043 1913 1196 1953 formae
1235 1926 1326 1966 per-

192 1997 394 2049 ceptionis
421 2007 607 2036 externae
637 2008 677 2035 et
700 1997 904 2044 internae,
938 2007 1013 2035 nec
1043 1997 1113 2037 nisi
1136 1995 1328 2049 plmeno„

191 2092 316 2119 mena
342 2080 590 2126 excitantes,
634 2078 784 2131 idque,
823 2078 935 2131 quod
964 2078 1112 2119 dicitur
1141 2078 1330 2123 Noume-

191 2174 296 2210 72072,
340 2144 450 2202 nulla
491 2163 595 2204 ratio
625 2162 699 2213 fit,
742 2174 814 2203 cur
841 2148 1100 2213 admittatur,
1129 2174 1249 2217 atque
1279 2174 1329 2201 ne

1293 2257 1334 2284 m
