1513 2734
709 161 935 216 (28)

255 296 505 342 ¹adversarii:
535 325 565 350 ‚‚
594 296 751 349 semper
779 297 943 350 latetist,
974 300 1063 342 sunt
1079 300 1186 340 enim
1208 299 1400 351 mysteria

265 398 297 424 ‚‚
326 381 456 411 vestra
473 366 623 409 sacra.'’
653 366 817 407 Utinam
830 379 930 408 vero
944 369 1157 412 tacuissent
1170 368 1272 410 hanc
1289 368 1398 410 suam

256 439 590 482 dubitationem!
623 435 866 478 Acutisfime
895 439 1001 478 enim
1031 449 1170 479 noster
1197 439 1285 492 ejus
1312 438 1396 478 vim

254 510 427 565 frangit.
459 538 488 561 „
519 507 562 549 Si
579 507 735 560 semper
748 505 919 546 latemus
932 505 978 556 ‚”
1007 508 1164 559 inquit,
1193 506 1398 561 „quando

254 604 295 633 -‚,
325 580 531 635 proditum
547 588 638 626 est,
669 576 783 629 quod
799 574 1106 618 admittimus?’'
1135 578 1399 619 Adversarios

262 652 322 692 ita
360 647 508 691 callide
547 647 634 701 ipsa
662 647 729 688 sua
767 656 894 686 motat
918 645 1171 688 dubitatione
1210 647 1397 688 confiteri

262 721 406 774 cogit,
438 718 478 759 se
502 730 585 758 non
613 718 745 772 justa,
779 715 847 756 sed
876 715 1039 769 prorsus
1054 718 1261 758 temeraria
1275 717 1414 758 ratio-f

264 802 317 830 ne
330 790 433 830 hanc
450 788 582 829 labem
599 798 814 841 aspergere
831 784 1088 828 Christianis.
1121 785 1261 842 Quid?
1288 785 1402 839 quod

262 859 443 912 propriis
469 857 647 911 ipsorum
676 857 797 898 armis
822 855 918 911 illos
940 855 1108 898 ulterius
1136 856 1370 909 persecutus
1385 875 1417 905 ,Α

256 929 320 969 ita
345 928 540 982 angustiis
564 938 710 982 urget,
740 935 787 966 ut
814 924 879 965 vel
910 926 1004 980 ipsis
1032 926 1170 967 invitis
1199 924 1307 967 hunc
1327 925 1402 967 fibi

245 996 475 1039 *extorfisse
498 996 680 1037 videatur
705 993 934 1044 assensum,
964 1007 1016 1036 ne
1045 997 1120 1036 ista
1148 994 1313 1049 quidem
1341 994 1402 1036 fa-

254 1068 406 1108 cinora
435 1067 475 1106 in
501 1066 607 1107 suam
635 1064 824 1104 notitiam
851 1065 989 1104 venire
1015 1064 1219 1117 potuisse,
1249 1064 1400 1107 etiamst

256 1135 317 1174 >iis
353 1134 503 1175 addicti
543 1133 711 1177 fuissent
750 1131 989 1174 Christiani.
1050 1132 1264 1174 Verisfime
1291 1133 1400 1175 enim

261 1215 337 1244 eos
378 1214 542 1251 monet,
588 1203 790 1256 mysteriis
829 1204 1009 1244 initiatos
1036 1202 1181 1244 filentii
1209 1202 1287 1244 fide
1315 1202 1402 1243 esse
1439 1206 1442 1209 '

260 1271 626 1333 obstrictos·(t)‚
670 1273 823 1327 idque,
868 1285 919 1314 ex
942 1272 1257 1314 adversariorum
1290 1283 1401 1312 men-

265 1354 332 1392 te,
378 1343 623 1385 Christianis
646 1344 852 1397 >imprimis
879 1341 1040 1383 suadere
1068 1342 1194 1396 ipsam
1226 1341 1315 1383 suae
1344 1342 1400 1383 sa-

259 1412 360 1454 lutis
387 1415 552 1462 curam,
590 1415 647 1456 ob
686 1425 890 1456 tantorum
921 1411 1400 1455 scelerumconscienti-

260 1495 342 1524 am.
399 1482 566 1524 Profani
594 1496 723 1532 vero,
767 1494 862 1522 cum
902 1482 954 1521 ab
980 1484 1090 1523 omni
1117 1483 1401 1533 mysteriorum

262 1554 374 1594 aditu
415 1552 710 1606 religiosissime
749 1550 876 1592 arceri
921 1549 1126 1598 solerent,
1168 1549 1279 1592 nulla
1304 1564 1402 1605 pro-

264 1623 379 1664 fecto
414 1619 740 1662 Christianorum
772 1617 1131 1659 calumniatoribus
1169 1622 1403 1663 remanebat

257 1691 551 1746 opportunitas
580 1689 749 1731 ‘eruendi
789 1687 936 1728 horum
980 1686 1189 1738 facinora,
1233 1691 1261 1732 fi
1298 1701 1403 1744 quae

263 1764 307 1802 in
338 1761 444 1810 suis,
489 1771 592 1814 quae
618 1757 969 1814 perhibebantur,
1014 1760 1216 1812 mysteriis
1251 1763 1400 1815 perp'e·

258 1831 445 1874 ⁴trassent.
589 1829 592 1833 ’

261 1916 264 1927 ;
1331 1886 1401 1933 Ex

261 1976 277 1983 '·
313 1969 380 2017 (1)
402 1972 490 2008 Hinc
517 1970 598 2006 illud
623 1969 834 2005 Horatianum
858 1969 901 2003 L.
926 1969 986 2003 111.
1011 1967 1079 2004 Od.
1100 1979 1134 2003 2.
1340 1996 1342 1998 a

456 2034 462 2039 ⁴
561 2029 681 2062 Vetabo
695 2052 706 2069 ,
729 2028 784 2070 qui
806 2027 927 2060 Cereris
943 2026 1074 2069 sacrum

494 2084 648 2127 Vulgarit
669 2094 828 2124 arcanae,
845 2082 906 2126 fi¹b
926 2082 1032 2117 iisdem

562 2142 611 2176 Sit
632 2141 779 2175 trabibus
791 2165 802 2182 ‚
818 2138 1012 2186 fragilemve
1032 2149 1148 2174 mecum

492 2200 603 2236 Solvat
615 2196 789 2243 pltaseltun.
