1513 2734
4 1832 13 2222 Μ-

499 169 759 231 tw>

69 309 236 363 Ροὲῑίε,
267 306 412 363 populi
442 308 536 352 risui
563 310 809 353 exhibentur
832 307 883 350 ab
913 306 1193 351 histrionibus.

69 379 184 422 Haec
214 392 346 421 autem
372 379 568 435 pluraque
595 381 672 424 alia
699 381 741 422 in
769 377 888 420 Deos
924 379 1048 431 impie
1086 378 1193 420 facta

68 449 287 504 capitalem
331 463 497 505 quoque
538 453 723 495 moribus
762 448 1009 492 contrahunt
1037 460 1195 501 pestem

67 517 117 562 a'c
144 521 385 575 perniciem„
444 520 598 575 Itaque,
624 521 735 564 nulla
760 532 843 561 non
883 517 1032 563 scelera
1060 530 1102 559 et
1131 518 1198 558 fla-

68 592 170 646 gitia
211 603 253 632 et
300 591 908 647 turpissimarum,voluptatum
952 589 1087 631 omnia
1128 600 1199 642 ge-

68 674 163 703 nera
195 663 236 703 in
266 662 359 716 ipsis
400 661 502 703 adeo
539 661 728 703 Deorum
770 660 896 702 festis-
919 658 1050 702 libere
1090 655 1202 714 gras-

69 732 205 774 santur
233 729 329 785 (1).

126 800 236 843 Huic
281 801 478 843 Gentium
519 801 720 855 impietati
765 799 999 854 oppofitum
1041 800 1199 839 intuens

69 871 398 914 Christianorum
429 871 584 913 cultum
602 901 615 919 ‚
659 870 822 925 qualem
848 870 889 910 in
918 868 1106 924 ungulari
1134 882 1201 910 ca-

68 943 154 995 pite
181 941 458 997 Tertullianus
488 941 672 996 depingit
699 939 974 995 pulcherrime
991 969 1005 988 ‚
1042 941 1084 981 in
1127 939 1201 980 ali-

68 1025 132 1052 am
159 1013 267 1066 quasi
305 1024 439 1053 rerum
482 1023 662 1053 naturam
707 1023 747 1053 te
787 1011 923 1055 subito
962 1009 1198 1051 translatum

69 1083 263 1136 opinaris.
323 1081 442 1123 Adeo
485 1084 661 1125 animum
694 1092 862 1136 tangunt
893 1081 1039 1122 horum
1066 1081 1201 1121 homi-

68 1165 165 1193 num
208 1154 401 1206 pietatis,
432 1153 631 1195 fraternae
672 1152 856 1207 caritatis
892 1152 1015 1204 inque
1059 1151 1200 1193 hostes

67 1222 171 1262 adeo
199 1224 350 1264 amoris
382 1222 512 1264 sensus
539 1222 665 1278 longe
692 1222 987 1272 efficacisfimi3
1017 1232 1095 1265 nec
1124 1221 1201 1262 mi-

67 1305 143 1333 nus
171 1292 375 1334 sacrorum
402 1293 739 1335 celebrandorum
770 1292 1006 1346 simplicitas
1030 1303 1077 1332 ac
1104 1290 1198 1332 sub-

68 1361 218 1404 limitas
264 1364 388 1417 inque
431 1364 542 1404 omni
571 1375 614 1404 re
645 1362 797 1404 candor
825 1362 973 1416 aliquis
1010 1361 1201 1405 eximius.

68 1432 248 1475 Cavetur
299 1434 619 1490 religiosissime,
663 1446 714 1474 ne
770 1432 870 1486 quid
919 1433 1199 1474 committatur

67 1505 306 1553 inhoneste,
331 1514 399 1544 aut
427 1505 618 1557 turpiter,
646 1514 715 1544 aut
738 1502 966 1557 flagitiose;
997 1503 1040 1543 in
1067 1504 1202 1544 omni-

68 1575 145 1616 bus
176 1574 297 1629 spirat
335 1575 509 1628 genuina
536 1574 750 1629 religionis
781 1572 1038 1614 Christianae
1077 1572 1199 1613 indo-

68 1644 142 1685 les.
203 1643 419 1699 Quidquid
447 1644 547 1684 haec
575 1643 653 1683 suis
689 1643 851 1684 asseclis
891 1642 1090 1697 agendum
1119 1644 1198 1683 im-

68 1716 218 1769 ponit,
271 1714 313 1755 id
352 1712 552 1767 praestant
592 1726 712 1755 omne
751 1715 888 1755 animo
927 1711 1027 1755 Deo
1069 1711 1196 1754 devo-

74 1798 117 1827 to
149 1784 246 1839 (2).

128 1854 242 1897 Haec
273 1867 366 1896 cum
391 1852 441 1893 ab
470 1863 637 1906 utraque
676 1866 789 1907 parte
824 1854 983 1895 veritati
1025 1853 1195 1894 consen—

71 1937 186 1968 tanea
213 1930 344 1966 narret
369 1921 644 1963 Tertullianus
661 1953 674 1972 ,
707 1923 796 1964 sunt
822 1923 929 1963 enim
955 1935 1081 1967 testes
1119 1922 1191 1976 ipsi

69 1996 282 2038 adversarii
325 1991 437 2049 (3),
480 1992 709 2047 dignisfima
748 1992 941 2049 profecto
980 1994 1196 2035 exfistebat

517 2078 524 2089 ·
1095 2062 1198 2105 haec

117 2119 182 2165 (ι)
206 2122 332 2165 Apolog.
356 2129 386 2155 c.
414 2129 451 2162 13
469 2140 483 2145 -
502 2120 552 2155 16.
579 2127 634 2163 25.

118 2177 184 2223 (2)
207 2179 335 2222 Apolog.
358 2187 391 2211 c.
416 2186 471 2219 39.

119 2233 184 2279 (3)
207 2235 308 2268 Conf.
333 2233 534 2268 Plinius
550 2258 560 2273 ‚
584 2234 653 2323 ICI.
679 2240 713 2268 et
742 2243 828 2277 quae
856 2231 986 2277 scripsit
1013 2232 1197 2267 Antoninus

614 2282 626 2293 “
662 2295 684 2322 2
1123 2290 1201 2325 Pius
