1513 2734
695 117 914 174 (38)

238 269 358 312 quam
410 257 600 311 majorem
658 256 777 295 debet
816 255 896 294 vim
940 251 1071 293 facere
1111 250 1160 292 ad
1203 262 1353 292 mentes

240 352 388 380 vestras
417 340 464 378 ad
499 339 596 379 haec
633 334 938 388 complectenda
972 334 1096 374 studia
1136 333 1354 374 incitandas

237 429 355 475 atque
386 418 705 467 inflammandam,
737 429 853 469 quam
876 415 1092 469 praesentis
1132 414 1353 456 confidera-

236 505 294 544 tio
311 533 323 551 ‚
355 504 437 555 quo
465 515 526 542 res
555 513 658 541 nunc
686 498 912 540 Christiana
940 498 1111 538 deducta
1148 507 1237 547 est,
1268 496 1354 537 loci

234 585 571 635 conditionisque.
643 580 788 633 Neque
823 581 927 620 enim
952 581 1134 635 ignorare
1159 579 1245 619 Vos
1275 591 1349 631 pu-

235 677 305 714 to,
337 664 649 705 Commilitones
681 663 937 703 ornatissimi!
970 663 1072 701 inter
1100 660 1255 701 divinae
1292 659 1353 701 lu-

232 759 319 788 cem
358 745 564 800 religionis
604 756 722 798 atque
765 745 956 785 humanae
997 743 1353 796 perverfitatisvte-

230 828 400 876 nebras,
443 840 560 880 quam
599 839 689 867 acre
718 827 992 884 committatur
1034 825 1107 866 hac
1144 836 1270 866 aetate
1311 836 1353 865 et

231 920 377 963 anceps
421 911 650 962 variumque
691 920 902 949 certamen.
990 906 1102 962 Quid
1136 908 1258 962 igitur
1285 917 1352 947 aut

187 989 189 993 ⁴
230 992 361 1032 Vobis
388 991 598 1048 gloriosius
625 991 776 1043 poterit
803 990 914 1037 esse,
945 1000 1011 1029 aut
1041 989 1195 1029 Christi
1236 988 1350 1028 utili-

231 1070 276 1116 us
301 1074 478 1122 civitati,
511 1084 628 1125 quam
658 1072 684 1112 fi
701 1101 713 1119 ‚
745 1070 961 1123 prudenter
989 1071 1078 1111 acta
1107 1072 1187 1110 vita
1211 1069 1350 1112 acade-

232 1157 360 1203 mica,
405 1167 500 1208 quas
542 1153 671 1194 Vobis
712 1153 987 1206 compararitis
1024 1152 1235 1205 sapientiae
1273 1151 1345 1193 do-

233 1240 462 1289 ctrinaeque
503 1237 668 1289 copim,
714 1248 778 1275 eas
823 1234 920 1275 olim
962 1247 1100 1276 omnes
1127 1234 1349 1275 adhibeatis

234 1330 353 1372 atque
369 1320 610 1372 expromatis
626 1348 639 1368 ,
670 1318 720 1358 ad
734 1317 842 1358 illam
859 1316 1144 1361 defendendam
1160 1328 1200 1357 et
1213 1329 1350 1359 arcen-

235 1402 322 1443 dam
351 1412 502 1454 pestem
531 1414 576 1442 ac
604 1401 851 1454 perniciem,
884 1412 1003 1453 quam
1023 1398 1351 1454 Protestantium

235 1483 434 1524 societati
464 1483 608 1523 inferre
663 1484 866 1523 minitetur
903 1493 1023 1535 atque
1056 1483 1273 1535 importare
1311 1492 1355 1522 et

227 1563 496 1622 jesuitarum
526 1565 750 1614 calliditas,
792 1576 832 1605 et
859 1563 1256 1606 Rationalistarum
1293 1562 1353 1604 le-

232 1650 361 1697 vitas,
405 1659 443 1688 et
488 1647 599 1689 furor
637 1647 914 1702 llIysticorum
944 1646 1166 1689 fanaticus!
1210 1660 1257 1673 ·-
1286 1645 1354 1686 Ad

233 1729 350 1783 quam
380 1730 539 1783 quidem
567 1730 723 1771 laudem
741 1731 930 1771 <omnium
958 1729 1264 1783 pulcherrimam
1281 1758 1294 1777 ,
1317 1729 1352 1770 fi

232 1811 331 1852 mihi
357 1823 423 1852 aut
453 1811 543 1852 duci
571 1811 700 1852 Vobis
729 1812 812 1852 esse
843 1813 1061 1866 contigerit
1088 1824 1154 1852 aut
1184 1811 1350 1860 comiti;

232 1904 315 1934 tum
340 1906 436 1933 vero
462 1893 664 1946 susceptae
692 1895 808 1948 hujus
835 1906 1034 1947 nunquam
1051 1906 1114 1934 me
1126 1892 1352 1946 poenitebit

230 1977 478 2028 provinciae.
538 1976 671 2029 Atque
698 1977 847 2017 utinam
877 1976 993 2017 talem
1018 1988 1080 2016 me
1096 1975 1352 2028 Vobissspos-

236 2057 302 2097 fim
333 2057 519 2110 praestare
536 2088 548 2107 ‚
579 2058 714 2111 quales
743 2059 840 2099 mihi
881 2069 1164 2112 praeceptores
1191 2058 1352 2112 obtige-

227 2140 312 2180 ·rint
341 2150 423 2181 tum
450 2139 603 2194 YpaJus
622 2170 635 2191 ‚
680 2141 766 2182 rara
789 2141 862 2182 Vir
890 2154 936 2183 ac
975 2140 1182 2183 recondita
1219 2138 1351 2180 erudi·

1270 2231 1346 2260 tio-
