1513 2734
755 170 783 225 <
845 171 1009 226 100)

320 309 421 350 haec
451 307 777 350 Christianorum
819 308 1024 359 societas,
1058 311 1125 351 cui
1153 307 1331 351 Romani
1357 318 1440 350 non

319 390 472 420 tantum
499 388 740 432 parcerent,
772 376 840 419 sed
866 377 934 419 cni
961 390 1002 420 et
1030 391 1179 420 nomen
1204 379 1358 420 darent.

374 446 474 503 Quo
505 449 632 502 magis
660 459 794 490 autem
824 447 1029 490 elucescat
1056 448 1156 489 haec
1185 447 1441 489 Christiano-

317 530 406 558 rum
432 517 694 571 praestantia,
725 519 887 560 attende
904 534 931 568 ,⁴
949 518 1098 572 quaeso
1115 548 1129 569 ,
1166 517 1242 557 illo
1281 529 1441 569 tempo-

314 600 358 629 re
387 599 468 628 non
495 598 649 630 tantum
676 587 853 642 plebem
875 588 1105 630 Romanam
1143 587 1266 629 fuisse
1305 586 1441 640 perdi-

313 669 410 699 tam.
471 656 629 700 Omnes
672 659 833 700 ordines
871 658 984 700 labes
1026 657 1235 699 infecerat.
1297 655 1440 696 Sacer·

313 727 459 778 dotes,
504 728 774 784 philosophi,
818 729 973 783 ipfique
1012 740 1170 769 morum
1221 725 1439 775 censores,

314 810 490 852 quorum
523 800 687 852 pietatis
726 801 968 852 virtutisque
1012 797 1125 851 plebi
1165 797 1317 838 summa
1355 806 1441 837 erat

310 870 586 920 existimatiO,
632 870 728 912 huic
770 871 842 923 ipfi
883 881 966 909 non
1006 868 1205 909 cedebant
1252 866 1440 908 Deorum

312 949 556 989 contemtu,
587 940 824 991 impietate,
855 934 965 977 vitiis
989 935 1193 977 omnibus.
1251 935 1344 977 Nec
1373 934 1439 976 vel

314 1007 368 1049 fic
398 1019 530 1049 tamen
556 1008 818 1059 muneribus,
857 1008 1005 1062 quibus
1033 1007 1283 1061 funguntur,
1323 1005 1438 1047 abdi·

311 1088 468 1120 cantur.
509 1076 666 1119 Eadem
681 1077 865 1132 populo,
896 1077 967 1118 nifi
983 1077 1312 1125 existimatione,
1342 1088 1437 1116 auc-

311 1149 474 1190 toritate
500 1147 666 1198 saltem,
697 1148 781 1188 esse
796 1158 986 1202 pergunt.
1030 1146 1146 1201 Quid
1174 1158 1272 1186 vero
1295 1144 1437 1186 Chris-

311 1219 442 1259 tiani?
472 1218 630 1259 Arcent
658 1217 709 1258 ab
737 1219 859 1271 ipfius
885 1216 987 1258 adeo
1017 1216 1222 1256 societatis
1253 1228 1438 1257 commu-

309 1289 433 1328 nione
449 1289 599 1341 impios
614 1300 802 1342 quosque
818 1300 864 1328 ac
882 1286 1006 1340 paulo
1023 1287 1181 1341 gravius
1198 1285 1437 1338 delinquen·
1502 1288 1506 1333 ξ

311 1370 385 1400 tes.
445 1357 591 1399 Restat
617 1359 723 1412 quafi
753 1356 910 1399 familia
935 1356 1119 1398 caelestis
1147 1357 1188 1396 in
1212 1355 1287 1396 hac
1319 1367 1435 1396 terra.
1499 1404 1502 1422 1

369 1427 604 1482 Oportebat
657 1431 809 1484 igitur,
864 1438 909 1467 ut
961 1426 1132 1479 puderet
1189 1424 1436 1466 adversarios
1498 1407 1509 1474 J

311 1498 371 1539 sui
409 1498 666 1538 Christianos
706 1495 976 1538 calumniandi
1018 1495 1165 1545 studii3
1210 1498 1338 1536 immo
1368 1508 1435 1536 ve-

310 1580 400 1617 ro,
432 1578 478 1608 ut
515 1576 784 1621 agnoscerent
825 1576 916 1606 toto
969 1567 1134 1614 animo,
1191 1564 1434 1620 religionem
1494 1579 1503 1607 *s

308 1636 583 1690 Christianam
621 1647 703 1676 non
743 1645 895 1675 tantum
937 1635 1003 1675 sua
1046 1634 1129 1677 esse
1167 1635 1435 1687 praestando·
1492 1679 1495 1682 ,

309 1718 420 1755 rem,
452 1704 519 1745 sed
546 1717 665 1746 unam
695 1704 884 1745 divinam.
945 1703 1066 1745 Unde
1101 1706 1209 1744 enim
1244 1705 1320 1744 rite
1364 1716 1434 1745 ex-

309 1774 509 1830 plicarent
533 1774 614 1815 hoc
643 1786 795 1815 tantum
824 1787 870 1814 ac
897 1773 975 1814 tale
1001 1774 1216 1815 discrimen
1256 1774 1295 1814 se
1329 1775 1434 1815 inter
1488 1821 1490 1832 .

307 1856 351 1885 et
377 1844 660 1893 Christianos,
691 1856 803 1884 antea
834 1844 905 1884 fibi
946 1845 1107 1896 prorsus
1146 1844 1322 1894 similes,
1361 1845 1431 1886 nifi
1486 1834 1490 1886 ἶ

309 1926 363 1956 ex
398 1915 560 1964 divina,
605 1915 671 1955 cui
712 1914 862 1955 addicti
887 1925 998 1954 erant
1025 1915 1236 1970 religionis
1262 1914 1430 1964 indole,
1483 1926 1507 1980 '¹

1346 1997 1431 2026 non
1482 1989 1485 2001 ¹

308 2084 386 2119 Pius
417 2083 458 2118 ad
486 2084 637 2118 civitates
679 2083 772 2118 Afiae
812 2084 1055 2118 Proconsularis
1094 2095 1245 2128 quaeque
1284 2081 1429 2120 comme-
1479 2090 1488 2167 Ἱ

308 2150 413 2176 morat
441 2142 470 2175 E
486 2141 570 2175 use
585 2142 606 2174 b
622 2142 668 2175 iu
685 2152 720 2182 S,
743 2141 830 2175 Hist.
849 2141 934 2175 Eccl.
959 2141 1000 2175 L.
1026 2141 1139 2177 1V.'c.
1162 2152 1215 2186 13.
1238 2143 1295 2178 26.
1327 2144 1429 2190 Conf-
1477 2134 1481 2190 j

310 2198 1079 2243 Schreck,1.1.Tn.111.S.15-16.1
1474 2171 1485 2255 {i

1469 2246 1483 2446 l

1468 2429 1472 2467 l

1460 2447 1476 2734 ,l
