1513 2734
726 126 948 183 (30)

277 266 346 306 ita*
372 264 680 319 accipiendum,
723 266 827 316 quasi
877 263 1087 317 Religioni
1144 261 1399 305 Christianae

275 349 437 389 inimica
477 348 522 388 fit
551 358 589 387 et
615 347 797 399 opposita
838 345 1113 399 Philosophia.
1201 343 1399 387 Homines

276 430 572 484 spectavimus,
614 430 682 481 qui
709 426 952 480 praeclaram
981 427 1235 480 disciplinam
1264 427 1313 468 ad
1342 428 1399 470 rei

276 513 527 554 Christianae
564 510 626 551 vel
676 511 1010 568 corruptionem,
1055 510 1117 552 vel
1146 522 1400 552 contemtum

273 595 555 635 adhibuerunt.
643 564 922 647 Plziquophos¹
961 591 1257 645 spectavimus,
1315 604 1400 634 non

273 674 614 730 Plzilofhplziam,
646 688 747 729 quae
776 677 815 715 in
841 675 982 716 mediis
1012 676 1251 728 opinionum
1269 674 1400 717 flucti-

274 759 375 809 bus,
407 760 446 799 in
476 760 679 800 acerrimis
706 759 915 801 hominum
947 758 1228 800 controversiis
1268 767 1309 800 et
1344 756 1401 798 al-

275 842 601 891 tercationibus,
626 842 665 883 in
694 841 950 893 systematum
965 871 986 889 ,.
1023 854 1064 894 q.
1096 840 1134 882 d.
1160 839 1400 882 vicisfitudi-

271 924 391 965 nibus
418 934 458 964 et
488 924 842 973 convcrfionibus‚
889 923 995 964 suam
1027 923 1252 963 constanter
1274 922 1401 964 servat

271 1018 313 1046 et
342 1007 573 1060 dignitatem
601 1016 640 1045 ct
668 1007 962 1045 auctoritatem.
1018 1004 1093 1044 Est
1123 1004 1217 1053 illa,
1263 1004 1311 1045 de
1332 1017 1400 1044 vc-

273 1101 400 1130 terum
431 1087 650 1136 sententizi,
689 1086 865 1140 triplex,
898 1095 941 1128 ut
975 1086 1135 1141 indaget
1168 1086 1265 1140 quid
1305 1085 1397 1139 pul-

272 1184 411 1220 crum,
455 1171 552 1224 quid
582 1171 760 1219 bonum,
804 1169 901 1224 quid
925 1180 1061 1211 verum
1092 1170 1151 1211 fit.
1212 1168 1395 1224 Quarum

270 1266 400 1295 rerum
429 1254 684 1307 investigatio
724 1265 806 1305 quo
845 1263 967 1306 pacto
1004 1264 1153 1293 nocere
1182 1251 1395 1306 Religioni

269 1337 422 1389 possit,
467 1335 596 1376 fatcor
634 1348 697 1379 me
722 1347 804 1378 non
833 1335 1075 1388 perspicere.
1149 1334 1238 1375 Imo
1267 1346 1392 1383 vero,

268 1419 517 1468 Auditores‚
576 1418 680 1459 haud
709 1431 850 1458 vereor
889 1418 1078 1471 equidem
1119 1417 1362 1459 contendere
1382 1447 1396 1466 ‚

252 1515 353 1554 ·quo
395 1503 520 1556 magis
561 1502 649 1554 quis
683 1501 832 1555 pulcri
868 1502 1105 1554 venustique
1142 1499 1296 1541 sensum
1326 1513 1395 1542 ex-

270 1585 472 1634 coluerit3
505 1597 586 1637 quo
616 1585 742 1637 magis
771 1584 821 1624 ad
847 1583 976 1632 illud,
1009 1583 1120 1636 quod
1145 1583 1396 1628 honumest.

270 1668 445 1707 animuin
474 1667 778 1716 inf01·1naverit;
811 1679 894 1719 quo
924 1667 1076 1707 acriore
1107 1665 1275 1707 ducatur
1303 1666 1396 1707 veri

271 1749 426 1798 studio,
457 1761 508 1788 eo
535 1750 652 1788 etiam
680 1750 805 1803 magis
831 1749 881 1790 ad
906 1747 1205 1801 percipiendam
1233 1747 1396 1802 religio-

272 1833 332 1871 nis
386 1843 545 1871 nostrae
592 1845 681 1872 cnm
722 1831 1016 1884 simplicitatem
1034 1861 1046 1880 ,
1101 1841 1184 1871 tum
1232 1831 1314 1871 vim
1358 1834 1398 1870 'ct

274 1915 553 1954 auctoritatem
606 1926 742 1966 aptum
793 1913 878 1954 esse
935 1925 976 1954 et
1029 1913 1397 1955 accommodatum.

277 1995 401 2050 Quod
427 1995 553 2036 nolim
583 1997 769 2049 equidem
799 1996 921 2051 longzi
948 1996 1219 2050 disputatione
1249 1995 1398 2048 proba·

279 2090 321 2117 re
363 2090 402 2117 et
443 2080 641 2118 evincere.
728 2078 897 2120 Praestat
937 2090 1098 2134 gentem
1151 2090 1399 2127 memorare,
1445 2078 1448 2083 '

281 2173 382 2214 quac
411 2161 480 2202 suo
505 2160 692 2215 exemplo
717 2162 856 2204 docuit
890 2161 1178 2218 Philosophiae
1207 2172 1248 2203 et
1274 2161 1402 2214 majo-

1316 2256 1402 2284 rum
