1513 2734
515 146 741 204 (63)

56 290 267 344 suscepisti
308 289 562 332 utilissimum
605 291 695 331 sane
737 290 888 331 nostris
926 289 1048 330 etiam
1091 290 1192 330 civi-

54 376 155 423 bus,
187 373 254 414 sed
284 374 418 428 magni
445 372 630 423 laboris;
661 373 733 415 ubi
761 385 843 413 non
866 370 1037 413 aliorum
1067 371 1195 425 scrip-

52 467 92 498 ta
116 469 185 498 aut
219 456 436 497 sententiae
480 456 763 511 congerendae
801 467 922 509 atque
966 454 1193 509 dijudican-

49 539 124 580 dae
149 551 290 589 erant,
323 539 390 580 sed
419 551 525 581 nova
553 539 806 594 detegendam,
837 540 909 580 ubi
951 539 1036 592 ipsa
1076 550 1190 581 natu-

48 594 100 663 ra⁸
111 634 230 663 acute
259 634 342 663 erat
377 622 688 677 interroganda,
718 633 839 676 atque
869 621 919 662 ab
948 634 995 670 ea
1035 632 1199 666 attente

47 704 265 754 discenda,
297 717 400 759 quae
425 705 474 746 ad
505 716 618 746 tuum
654 717 758 759 opus
792 704 1088 758 perficiendum
1126 716 1190 745 re·

47 788 326 841 quirebantur.
410 787 500 830 Tua
551 789 675 829 etiam
733 787 960 829 dissertatio
994 787 1188 838 docuit,

44 883 167 924 quam
204 882 314 912 arcta
341 870 568 913 intercedat
609 869 783 912 societas
823 871 931 911 inter
968 868 1188 912 Chemiam

44 965 166 1007 atque
195 953 484 996 Medicinam.>
525 952 655 1008 Perge
691 953 846 1008 igitur,
890 963 936 994 ut
979 955 1187 1007 coepisti,

44 1048 257 1090 utramque
281 1035 476 1077 excolere
503 1047 652 1085 artem,
685 1029 871 1076 humano‘
890 1037 1029 1092 generi
1054 1035 1187 1079 utilis-

45 1119 196 1161 fimam.
227 1116 379 1159 Laetus
409 1118 483 1159 tibi
511 1119 638 1159 tradov
656 1118 1053 1172 hocce‘praemium.
1097 1117 1187 1161 Ne-

44 1212 124 1253 que
150 1202 258 1241 enim
302 1199 432 1243 solum
474 1211 541 1241 tua
579 1200 774 1241 industria
803 1211 844 1241 et
872 1201 1086 1251 doctrina,
1117 1201 1188 1244 sed

42 1283 163 1324 etiam
200 1284 364 1338 egregia
403 1284 538 1324 animi·
569 1281 729 1325 indoles
759 1283 860 1326 mihi
893 1295 956 1325 est
997 1285 1185 1339 probata.

43 1363 104 1408 Ut
128 1377 168 1407 te
195 1378 318 1415 amo,
350 1367 403 1412 fic
433 1378 497 1407 me
526 1377 649 1408 ames.

98 1447 193 1498 Tu,
225 1449 483 1491 dilectisfime
525 1448 789 1502 Coenen,
832 1463 954 1505 quem
982 1452 1106 1493 etiam
1143 1453 1185 1493 in
1227 1432 1230 1435 Δ

41 1533 253 1573 carissimis
292 1533 411 1579 meis?
435 1532 570 1574 habeo
626 1534 871 1588 discipulis,
917 1513 999 1576 lioc
1039 1536 1185 1590 accipe

41 1616 264 1670 praemium
282 1645 296 1664 ,
327 1628 412 1669 quo
447 1627 487 1656 te
521 1616 797 1670 dignissimum
828 1617 1048 1660 declaravit
1079 1619 1184 1660 ordo

40 1696 370 1753 Theologorum.
431 1698 477 1739 In
519 1710 588 1750 te,
644 1700 757 1753 quod
807 1699 956 1754 spero,
1002 1701 1183 1755 aequalis

4 1788 11 1811 ἑ
39 1783 116 1821 erit
145 1781 264 1822 ardor
301 1793 352 1823 ,et
396 1781 494 1824 fides
524 1783 566 1823 in
597 1782 917 1825 commendanda
956 1783 1183 1840 Religione

41 1861 300 1920 Christiana,
331 1877 452 1919 atque
482 1865 560 1907 fuit
587 1867 628 1906 in
658 1865 917 1908 Tertulliano
947 1878 1031 1908 tuo.
1091 1867 1180 1911 Ne-

44 1957 124 1998 que
153 1949 259 1988 enim
291 1948 365 1988 tibi
396 1949 509 1990 deest
537 1948 724 1991 doctrina
755 1961 797 1990 et
835 1950 1078 2003 prudentia,
1107 1964 1179 1992 ne-

45 2040 151 2081 que,
181 2041 282 2083 quae
310 2032 481 2087 maxime
508 2031 560 2073 ad
599 2032 960 2075 commendandam
991 2047 1078 2076 eam
1107 2048 1179 2075 ne-

39 2110 235 2154 cessariae
265 2112 381 2165 sunt,
415 2115 554 2157 animi
585 2116 787 2171 probitas
825 2107 1072 2174 merumque
1111 2119 1177 2160 in-

36 2194 243 2249 tegritas.

1108 2283 1175 2326 Τιι
