1513 2734
674 149 902 207 (43)

211 301 255 332 re
298 288 403 332 lucis
447 288 640 344 quaedam
694 303 742 332 ac
799 288 1055 330 tenebrarum
1109 285 1350 327 cernebatur

214 360 436 413 permixtio
456 390 469 408 ‚
517 361 699 415 magicae
751 372 855 401 artes
905 359 1042 400 ubivis
1089 354 1352 397 dominaban-

215 439 306 478 tur,
353 430 525 482 mirique
554 429 726 471 studium
769 429 1003 484 occupabat
1029 427 1212 475 animos,
1254 425 1356 466 haec

216 497 403 539 doctrina
432 512 515 540 non
558 502 697 554 potuit
737 514 820 542 non
850 501 954 541 laete
993 500 1220 539 increscere
1251 495 1358 536 sum-

218 581 411 621 mumque
451 570 606 624 vigoris
649 571 847 625 attingere
878 570 1099 624 fastigium.
1160 564 1253 607 Nec
1284 566 1360 605 mi·—

216 638 384 679 randum
421 639 541 687 sane,
588 639 875 689 Christianos,
919 642 960 680 in
988 640 1063 680 hac
1093 648 1228 679 rerum
1260 645 1361 677 con-

218 708 403 757 ditione,
449 709 629 761 plurium
675 709 864 752 Deorum
909 710 1065 751 cultum
1120 707 1236 748 malis
1275 706 1364 745 istis

219 778 348 831 geniis
375 779 593 830 imputasse
619 782 872 821 auctoribus.
945 778 1226 820 Fastidiebant
1253 778 1362 816 enim

220 837 399 901 plurium
429 847 617 891 Deorum
646 851 803 893 cultum
832 863 1020 904 tanquam
1048 860 1207 902 peStem
1243 857 1366 900 gene-

221 918 275 958 ris
318 918 482 960 humani
522 919 647 976 longe
678 923 982 963 atrocissimam.
1044 919 1202 972 Sponte
1243 918 1368 971 igitur

222 1000 314 1028 eum
356 1002 379 1028 a
420 991 603 1043 pessimis
647 1003 814 1043 quoque
839 990 1080 1042 repetebant
1111 987 1365 1028 auctoribus,

222 1058 434 1099 Praeterea
453 1070 552 1099 vero
583 1060 624 1099 in
650 1063 800 1101 veteris
828 1060 1002 1102 Codicis
1035 1059 1216 1099 verfione
1242 1055 1370 1097 Alex·

223 1129 417 1177 andrina,
465 1131 649 1171 omnium
693 1131 878 1172 manibus
920 1130 1015 1169 trita
1056 1127 1274 1180 magnique
1315 1124 1368 1165 ab

225 1199 416 1240 omnibus
447 1199 677 1250 aestimata,
718 1199 954 1241 Hebraeum
982 1196 1233 1239 vocabulum
1262 1187 1374 1236 0³1³?

226 1268 355 1310 Deut.
389 1268 568 1310 XXXII:
606 1283 670 1326 17.
699 1270 764 1312 Ps.
794 1270 910 1312 CVI:
949 1282 1016 1325 37.
1055 1267 1227 1321 aliisque
1264 1264 1372 1306 locis

226 1353 300 1393 per
357 1341 534 1386 δαιμονία
591 1342 900 1395 interpretatum
953 1341 1159 1396 legebant.
1257 1334 1372 1390 Quin

226 1422 269 1451 et
297 1410 474 1452 fortasfis
502 1411 634 1464 ipsum
661 1411 849 1454 Paullum
879 1410 1118 1466 apostolum
1145 1409 1218 1449 fibi
1242 1405 1373 1465 assen-

227 1482 396 1522 tientem
455 1482 605 1522 habere
666 1484 968 1536 opinabantur,
1026 1479 1272 1522 scribentem
1325 1474 1376 1516 ad

225 1551 496 1593 Corinthios:
557 1552 598 1591 τί
640 1552 702 1591 οὖν
731 1558 863 1601 φῆμις
907 1551 964 1592 ἔτι
1005 1551 1152 1590 ἔιδωλον
1188 1550 1229 1586 τί
1270 1548 1374 1591 ε’ςιν;

227 1622 250 1667 ἢ
271 1619 330 1660 δ’τι
347 1621 582 1660 εἰδωλόθυτον
600 1622 640 1660 τί
652 1623 752 1666 ἑςινς
785 1623 918 1670 Ἀλλ’,
948 1619 1006 1660 ὅτι
1035 1615 1063 1659 ἃ
1085 1618 1161 1658 θύει
1189 1619 1243 1658 ’τοὶ
1264 1617 1374 1664 ἔθνη,

228 1694 427 1741 δαιμονίοις
457 1691 532 1731 θύει
550 1723 564 1744 ,
595 1692 659 1732 καὶ
690 1694 731 1733 οὐ
759 1694 840 1742 Θεῷ
870 1688 968 1745 (1).
1043 1688 1237 1742 Denique
1275 1699 1376 1727 vero

1296 1758 1378 1798 his-

277 1861 342 1909 (ι)
369 1873 381 1897 1
410 1864 565 1899 Corinth.
593 1863 636 1898 X:
673 1875 732 1909 19,
772 1871 839 1900 20².
888 1864 1005 1898 Sectio
1045 1874 1090 1898 20
1131 1859 1303 1904 quomodo
1341 1858 1381 1894 fit

231 1920 478 1964 interpretanda
501 1920 618 1954 docuit
632 1922 662 1968 J.
688 1923 755 1956 He
772 1925 848 1956 rin
863 1933 940 1966 ga,
973 1922 1034 1955 Vir
1048 1920 1139 1954 Clar.
1155 1918 1186 1951 in
1215 1917 1381 1961 Quaestio-

232 1980 325 2013 vibus
345 1979 383 2012 de
420 1980 490 2014 locis
518 1978 607 2012 Nox-2·
642 1980 838 2014 Testamenti
869 1979 1090 2024 dqfficilioribus
1116 1985 1145 2010 a.
1175 1975 1209 2010 h.
1234 1975 1258 2009 1.
1283 1974 1379 2017 cujus

232 2036 317 2070 haec
335 2036 407 2069 sunt
430 2036 553 2069 verba:
595 2037 686 2081 Quae
708 2042 741 2072 in
763 2037 957 2080 deallrorum
986 2036 1130 2070 honorem
1146 2032 1379 2077 fiunpfilcl'ifi'·

233 2095 306 2139 cia,
343 2104 383 2126 ea
410 2094 542 2127 Paullus
558 2095 675 2128 ibidem
694 2097 776 2130 sect.
796 2106 852 2129 20.
878 2096 1039 2139 δαιμονίοις
1056 2093 1134 2133 fieri
1154 2093 1256 2129 dicit,
1278 2089 1385 2133 quoad

234 2167 295 2190 non
315 2157 403 2197 Deo,
435 2156 497 2199 fed
516 2158 608 2190 malis
625 2162 747 2201 genii5,
780 2162 837 2202 qui
863 2159 932 2192 Deo
956 2167 989 2193 et
1007 2158 1181 2193 honn‘nibus
1201 2155 1380 2198 adversan-

235 2221 294 2251 tm·
307 2239 319 2255 ‚
337 2215 464 2258 placere
476 2213 618 2259 possunt.
1230 2203 1234 2207 ’
