1513 2734
767 147 1023 205 (ωε)

401 292 469 323 eas
505 281 901 334 recensendamtde
939 285 1085 338 quibus
1113 283 1182 328 hic
1222 289 1390 341 proprie

399 351 535 393 sermo
581 353 667 395 esse
708 354 844 396 debet.
931 353 1040 396 Idem
1085 355 1298 398 dicendum
1339 358 1390 399 de

399 423 694 477 praesumtione
712 455 726 475 ‚
782 437 887 479 quae
942 427 1120 467 occurrit
1185 428 1226 467 in
1298 427 1390 467 Art.

405 505 545 550 1319,
585 497 654 548 qui
701 496 755 535 ita
794 505 1021 549 conceptus
1058 508 1145 536 est:
1198 525 1228 550 ,‚
1265 494 1392 539 L’ac-

397 590 428 616 „
457 573 498 604 te
536 564 815 621 authentique
845 564 942 621 fait
971 566 1115 620 pleine
1147 563 1215 621 foi
1253 566 1303 608 de
1345 566 1393 608 la

398 662 427 686 ,‚
457 636 728 683 conventiam
760 634 1140 691 qu’il,renferme,
1172 646 1293 678 entre
1332 636 1392 677 les

396 731 427 755 „
449 704 621 757 parties
662 715 980 748 contractantes
1025 717 1065 749 et
1103 708 1218 748 leurs
1272 704 1392 747 Ιιένὶ-

394 800 426 826 „
456 775 564 815 tiers
603 787 654 816 ou
693 782 828 829 ayant
855 772 994 830 cause.
1035 795 1079 804 -
1122 775 1390 821 Neanmoins

394 871 426 895 ‚,
455 856 506 884 en
533 856 605 885 cas
632 844 681 885 de
702 846 895 899 plaintes
925 859 974 887 en
1007 843 1128 900 faux
1163 845 1393 901 principa!⁴

393 940 425 965 ‚,
454 913 706 956 l'execution
744 915 793 956 de
825 915 952 958 l’acte
996 916 1136 970 argue
1185 914 1235 955 de
1267 913 1390 968 faux

392 1010 424 1036 ‚‚
444 979 551 1036 fiera
568 981 806 1039 suspendae
824 993 915 1039 par
941 986 988 1027 la
1015 982 1117 1040 mise
1141 998 1192 1027 en
1215 981 1389 1040 accusa-

388 1081 419 1105 „
449 1053 567 1103 tim,-
608 1063 650 1096 et
688 1068 739 1096 en
775 1068 847 1096 cas
875 1052 1168 1110 d'inscription
1201 1054 1251 1096 de
1270 1053 1388 1110 faux

389 1150 420 1174 ,‚
443 1119 560 1176 faite
625 1123 957 1176 incidemment,·
1017 1126 1075 1167 les
1145 1124 1389 1167 tribunaux

390 1221 420 1245 „
442 1200 680 1247 pourront‚
727 1192 910 1248 suivant
957 1196 1016 1236 les
1057 1193 1387 1251 cinmstance-s,

390 1292 420 1317 „
442 1260 676 1319 suspendre
722 1263 1080 1319 provisoirement
1133 1264 1390 1307 l'execution

392 1361 422 1385 ‚‚
451 1332 501 1373 de
537 1332 709 1375 l'acte.''
777 1334 946 1377 Constat
982 1337 1135 1390 igitur,
1179 1336 1260 1377 hoc
1287 1334 1415 1387 locor

391 1402 669 1456 legislatorem
694 1404 853 1446 disertis
882 1407 1027 1453 iterum
1052 1406 1188 1447 verbis
1227 1415 1391 1448 contra-

391 1473 442 1513 rii
468 1473 750 1525 probationem
789 1475 1014 1521 admittere.
1073 1474 1212 1529 Quum
1254 1486 1388 1516 autem

391 1553 475 1582 non
499 1552 649 1583 tantum
678 1543 752 1584 haic
778 1545 1054 1597 probatione,
1099 1544 1167 1585 sed
1196 1545 1387 1585 omnibus

391 1612 542 1652 ceteris
568 1612 910 1664 praesumtionum
938 1614 1180 1666 speciebus,
1211 1615 1271 1656 uti
1298 1614 1388 1655 sunt

389 1680 468 1722 alia
491 1680 749 1724 instrumenta
765 1713 778 1731 ,
810 1684 890 1725 five
913 1683 1145 1726 authentica
1161 1716 1174 1734 ‚
1207 1685 1286 1726 five
1300 1686 1385 1738 pri-

387 1763 510 1800 vata,
541 1754 804 1805 probationes
831 1766 904 1807 per
930 1764 1050 1795 testes
1067 1785 1080 1804 ‚
1111 1765 1153 1795 et
1180 1755 1383 1808 praesum·

387 1823 520 1862 tiones
548 1821 776 1875 simplices,
809 1823 934 1864 modo
961 1824 1058 1865 adsit
1099 1825 1258 1865 initium
1286 1837 1381 1878 pro-

379 1890 558 1933 bationis
600 1903 675 1944 per
715 1891 975 1945 scripturam,
1021 1893 1281 1935 instrumenta
1318 1895 1380 1934 in-
1437 1942 1440 1943 ⁷

377 1959 536 2002 firmare
576 1959 727 2009 liceat,
775 1962 917 2016 sponte
950 1961 1156 2015 sequitur,
1188 1961 1259 2004 hic
1293 1976 1377 2005 rur-

378 2028 443 2070 sus
472 2041 554 2070 non
595 2031 660 2084 agi
703 2030 752 2071 de
780 2031 1107 2084 praesumtione,
1139 2045 1241 2086 quae
1275 2032 1377 2074 alio-

376 2099 475 2151 quin
503 2094 606 2139 esset
627 2099 729 2154 juris
759 2112 800 2140 et
826 2100 876 2141 de
901 2103 1019 2158 J'ure,
1050 2102 1119 2144 sed
1148 2114 1301 2146 tantum
1325 2103 1374 2146 de

377 2169 452 2220 ea,
486 2180 587 2225 quae
615 2168 682 2212 sufi
711 2172 852 2215 natura
878 2183 940 2214 est
963 2173 1065 2228 J'uris
1091 2183 1264 2218 tantum.

1286 2239 1374 2283 Ex-
