1513 2734
584 148 804 208 (45)

119 296 233 353 qnod
261 306 402 350 captus
417 305 625 336 venustate
655 295 900 341 carminum,
928 303 950 331 a
981 290 1079 333 flore
1096 297 1257 333 nosti-0²·

121 394 208 422 rum
239 391 448 433 poetarum
477 379 797 432 compositorum
817 407 829 426 ‚
875 374 1068 416 nonnulla
1098 374 1252 415 Italicis

119 463 297 504 verfibus
324 461 509 502 mandare
537 473 618 502 non
649 460 867 501 infeliciter
898 470 1066 500 conatus
1091 470 1180 507 est,
1211 466 1256 498 ut

119 545 232 586 Italis
261 557 426 598 quoque
470 543 693 584 innotescat
708 574 720 593 ‚
774 527 915 591 nobis,
949 543 989 582 in
1018 542 1099 582 hoc
1140 538 1261 581 etiam

119 640 266 684 genere
296 630 469 676 artium,
499 640 666 682 magnos
694 639 775 667 non
806 625 942 667 deesse
967 626 1091 665 viros.

175 711 420 751 Academiae
463 690 724 750 Bibliotheca
739 739 751 757 ‚
799 720 843 749 ut
883 707 1022 770 Regio
1059 707 1285 760 beneficio*

121 793 273 834 multos
315 774 416 833 hoe
437 804 542 832 anno
585 791 1020 844 praestantisfimosque
1059 801 1177 830 nacta
1202 799 1265 829 esi:

117 875 276 926 libros‚
310 877 350 915 in
377 887 524 930 genere
556 853 730 914 maxime
760 873 960 913 historico
1001 884 1042 912 et
1079 874 1262 925 antiqua-

117 961 209 1009 rio,
241 970 414 1013 quornm
433 957 602 1011 duplum
629 957 809 998 exstabat
835 959 874 997 in
902 955 1164 997 Bibliotheca
1177 954 1263 995 Re·
1314 946 1322 958 ¹

119 1044 185 1096 gia
200 1041 431 1095 exemplum
448 1055 457 1080 :
491 1042 544 1081 ita
563 1040 754 1094 infignem
771 1041 811 1079 in
830 1039 1002 1079 modum
1019 1035 1189 1092 experta‘
1200 1047 1262 1078 est

119 1126 271 1165 civium
296 1136 532 1163 nostrorum
564 1124 603 1161 in
633 1123 760 1162 bonas
791 1121 926 1161 literas
960 1120 1259 1161 liberalitatem.

116 1207 299 1254 Peractis
320 1205 456 1246 studiis
483 1204 557 1246 Vir
587 1204 903 1245 consultissimus
930 1203 955 1243 S
973 1214 987 1243 t
1002 1214 1024 1243 e
1038 1217 1064 1256 p
1083 1204 1108 1244 h
1125 1216 1146 1243 a
1161 1216 1186 1243 n
1203 1216 1264 1244 ωε

115 1289 369 1345 Joannes
424 1287 716 1341 Matthias
760 1299 862 1327 van
907 1286 1126 1335 Geuns,
1177 1299 1261 1340 quo

119 1385 276 1429 gratum
309 1370 597 1412 testificaretur
625 1382 719 1425 erga
747 1381 1033 1424 praeceptores
1062 1369 1153 1410 suos
1175 1371 1261 1409 ani-

118 1468 228 1498 mum
245 1485 258 1504 ‚
302 1454 478 1495 florenos
520 1452 806 1494 Bibliothecae
854 1453 1018 1493 donavit
1045 1452 1262 1505 millenos.

118 1539 202 1580 Cui
229 1538 340 1579 dono
369 1550 465 1577 mox
491 1536 623 1578 {imile
643 1537 810 1577 accessit
827 1535 916 1577 Viri
932 1536 1207 1589 spectatissimi
1224 1547 1265 1576 et

119 1623 162 1663 in
177 1632 240 1662 res
255 1632 412 1661 nostras
443 1619 829 1660 benevolentissimi⁴
846 1618 886 1660 G
899 1632 925 1659 u
942 1618 984 1659 il
1001 1618 1074 1658 iel
1093 1621 1158 1659 mi
1180 1618 1204 1672 J
1220 1632 1260 1659 a-

120 1706 172 1745 ni
200 1704 347 1745 Both
377 1701 491 1743 Hen
511 1701 765 1742 driksen.
797 1700 1038 1742 Tumetiam
1058 1702 1261 1743 Gothii

120 1788 354 1841 accepimus
399 1785 621 1826 editionem
653 1783 984 1839 elegantissimam
1015 1785 1064 1825 ab
1101 1766 1285 1839 elegam,

123 1872 275 1912 tisfinio
293 1869 422 1917 Viro,
455 1869 587 1909 Edm
609 1868 761 1909 undo
800 1866 1131 1909 Guilielmo
1162 1879 1263 1907 van

124 1951 166 1994 D
184 1966 259 1993 am
289 1965 386 1993 van
418 1951 470 1992 Is
487 1952 614 1992 felt.
675 1950 767 1992 Nec
791 1963 890 1992 vero
916 1950 1121 1991 reticenda
1143 1951 1264 1990 nobis

140 2016 229 2076 snnt
272 2036 540 2076 humanissimi
597 2034 634 2075 K
654 2047 679 2075 o
696 2049 718 2076 c
736 2034 762 2074 h
778 2035 819 2075 ii
874 2046 1065 2081 munera,
1138 2045 1263 2087 opera

127 2116 802 2170 Klopstockii,Holtyi‚
833 2116 1109 2171 Burgeri‚
1132 2116 1264 2157 Kor-

128 2212 156 2243 n
173 2202 280 2242 eri:
321 2212 440 2254 quem
467 2202 594 2242 virum
611 2231 625 2252 ‚
656 2212 700 2243 ut
728 2201 848 2255 pauci
875 2211 1048 2255 aequant
1069 2179 1168 2241 cum-
1185 2198 1264 2239 ala-

1188 2294 1267 2322 cri-
