1513 2734
774 176 998 231 (10)

328 312 446 361 tatis,
489 324 568 364 qua
604 313 719 352 vixit.
793 313 857 355 Ac
900 316 1017 366 sane⁷
1061 327 1106 358 ut
1147 327 1199 356 ex
1225 314 1345 355 dictis
1371 315 1464 369 J'anr

323 393 519 434 apparet,
551 383 763 422 maximam
791 394 945 435 partem
975 386 1051 427 soli
1091 387 1178 440 eJ'us
1215 397 1315 426 aevo
1355 397 1456 426 con-

324 451 504 491 veniunt.
565 450 681 506 Quae
721 465 819 493 vero
861 455 901 493 in
941 456 989 495 iis
1038 467 1258 497 occurrunt
1295 465 1458 496 nostrae

322 518 625 574 Apologeticae
655 534 863 576 congrua,
896 537 1066 577 quanam
1094 527 1134 566 vi
1159 538 1205 566 ea
1239 526 1321 567 hoc
1361 537 1456 565 nos-

322 601 388 630 tro
431 603 595 644 quoque
639 604 823 646 tempore
858 595 957 635 mihi
998 594 1172 649 gaudere
1200 595 1455 643 vvideantur,

321 658 516 701 exhibere
540 671 624 701 non
653 661 772 716 plane
800 664 1019 720 negligam.
1320 655 1325 661 ’

379 939 450 983 De
469 938 648 996 scriptis
664 972 677 991 ‚
709 954 819 996 quae
846 941 916 983 hic
944 943 990 984 in
1017 940 1182 998 censum
1208 945 1398 986 veniunt.

380 1080 499 1136 Quae
526 1081 622 1123 huic
651 1081 917 1134 disputationi
944 1082 1162 1123 inserviunt
1190 1083 1337 1136 scripta
1357 1081 1459 1123 Ter-

322 1151 501 1208 tulliani,
531 1164 578 1192 ea
604 1164 680 1192 nos
706 1151 789 1192 illis
830 1150 986 1194 absolvi
1029 1154 1265 1202 censemus,
1311 1152 1459 1206 quibus

321 1222 562 1276 religionem
603 1222 875 1263 Christianam
915 1234 937 1263 a
980 1222 1185 1264 Gentibus
1223 1223 1459 1264 vindicavit.

320 1292 511 1347 Namque
548 1294 589 1332 in
633 1294 682 1332 iis
708 1305 786 1333 nec
818 1291 1040 1333 censendos
1068 1292 1152 1332 esse
1171 1293 1460 1334 existimamus

316 1362 405 1417 ejus
421 1359 623 1417 adversus
639 1360 892 1404 Haereticos
907 1362 1038 1405 libr-05
1054 1393 1067 1411 ‚
1099 1374 1230 1416 neque
1259 1364 1379 1404 etiam
1407 1361 1462 1403 li-

318 1431 443 1473 hrum
462 1430 649 1486 judaeis
691 1432 928 1487 oppositum.
989 1431 1112 1473 Hunc
1145 1433 1252 1473 enim
1281 1431 1461 1485 spurium

319 1502 406 1542 esse
433 1512 503 1551 et,
535 1501 748 1542 maximam
774 1514 959 1555 partem,
989 1512 1214 1541 mutuatum
1255 1513 1310 1540 ex
1332 1501 1462 1542 tertio

320 1571 563 1613 Tertulliani
591 1567 794 1624 adversus
807 1570 1077 1613 Marcionem
1107 1570 1244 1619 libro,
1274 1570 1462 1624 obinfig-

319 1652 414 1681 nem
441 1642 651 1693 utriusque
666 1639 788 1689 libri,
819 1652 902 1680 non
928 1641 1153 1694 argumenti
1184 1650 1364 1689 tantum,
1397 1639 1463 1680 sed

317 1711 502 1765 ipsorum
517 1711 637 1750 etiam
654 1709 897 1759 verborum,
923 1703 1248 1749 convenientiam
1259 1739 1273 1759 ,
1290 1720 1462 1750 conten·

321 1782 382 1823 dit
406 1780 610 1822 Semlerus
637 1777 748 1836 (1),
776 1793 950 1834 eumque
981 1780 1140 1820 secutus
1156 1779 1459 1820 Tzschirnerus.

321 1851 453 1906 Quod
482 1851 647 1905 quidem
690 1863 812 1904 quam
854 1862 948 1891 vere
988 1849 1201 1896 censeant,
1233 1861 1314 1890 non
1339 1851 1460 1892 aufim

322 1933 405 1977 ego
432 1921 613 1963 definire.
658 1920 815 1974 Aliquo
842 1932 974 1962 tamen
986 1920 1076 1975 jure
1093 1920 1166 1961 hac
1184 1921 1224 1961 in
1251 1920 1385 1961 caussa
1408 1920 1460 1959 ab

1354 1990 1460 2045 ejtis-

371 2092 435 2138 (ι)
459 2096 479 2128 S
495 2104 514 2128 e
530 2095 621 2128 mle
639 2099 679 2135 ι’,
718 2094 749 2127 in
769 2091 862 2126 Edit.
891 2095 986 2138 oper.
1013 2091 1143 2127 Tertull.
1166 2090 1245 2126 Vol.
1271 2091 1312 2125 V.
1339 2101 1374 2133 p.
1395 2091 1461 2126 262

323 2151 420 2195 seqq.
444 2152 474 2186 T
489 2162 508 2185 z
523 2152 542 2186 s
552 2161 571 2186 c
586 2151 607 2185 h
623 2153 634 2185 i
649 2161 699 2186 ru
714 2161 733 2185 e
749 2161 765 2185 r
779 2175 792 2193 ,
811 2149 991 2193 Gefihz'chte
1012 2151 1071 2186 der
1091 2149 1276 2195 Apologctik
1290 2172 1303 2190 ,
1338 2147 1404 2183 Th.
1431 2148 1459 2184 Ι.

325 2208 359 2243 S.
378 2217 455 2253 273.
