1513 2734
0 918 1 967 1
40 914 43 922 v

0 992 1 999 l

637 142 839 203 (7)

169 288 231 329 nis
257 297 298 328 et
323 283 531 328 Ecclefiae
572 284 849 335 Christianae,
880 292 952 333 ut,
994 278 1108 336 quod
1143 279 1303 335 quaeri·

170 383 289 421 mus,
331 380 424 424 apte
459 370 734 420 inveniamus,
776 366 1008 422 diligentius
1035 363 1156 405 nobis
1185 364 1299 418 spec·

172 453 311 495 tandae
327 463 470 502 erunt,
503 465 594 493 cum
624 463 765 508 gentes
794 449 930 505 ipsae,
963 461 1064 503 quae
1092 448 1195 489 hanc
1215 445 1300 488 Re-

170 537 367 592 ligionem
409 546 682 589 acceperunt,
728 544 817 577 tum
854 532 1050 589 politicae
1086 530 1301 572 institutio-

168 632 238 660 nes
267 630 308 660 et
338 618 509 673 politica
535 618 688 668 studia,
720 630 822 672 quae
851 617 892 657 in
932 617 981 657 iis
1008 615 1303 664 obtinuerunt;

167 702 338 745 tandem
366 701 582 755 peculiaris
606 700 828 749 sentiendi,
861 698 1092 755 cogitandi,
1120 696 1305 752 philoso-

165 785 398 840 phandique
424 785 528 825 ratio
545 814 558 832 ‚
590 797 692 838 quae
717 783 825 837 apud
852 795 918 822 eas
942 782 1125 823 invaluit.
1158 780 1303 835 Agite!

165 868 385 910 Auditores
402 897 414 916 ‚
446 867 700 920 propositum
730 865 977 907 instituamus
1005 865 1111 913 iter,
1138 874 1179 904 et
1208 875 1305 916 pro·

166 951 386 1006 grediendo
417 951 515 993 haec
542 951 616 990 tria
642 948 1001 991 animadvertamus
1037 947 1306 1001 potisfimum.

226 1115 283 1157 Et
314 1115 394 1157 hoc
423 1115 586 1169 quidem
615 1115 735 1155 nobis
757 1114 839 1168 jam
867 1113 1066 1155 continuo
1094 1113 1306 1162 occurrit,

168 1199 424 1240 humanitatis
480 1196 654 1238 eundem
710 1195 861 1244 fuisse,
920 1208 1023 1249 quae
1073 1195 1307 1250 Religionis

167 1281 422 1323 Christianae
451 1293 524 1334 per
553 1292 680 1334 genus
710 1279 927 1320 humanum
955 1279 1115 1320 cursum
1143 1290 1183 1319 et
1210 1290 1307 1332 pro-

167 1364 425 1420 gresfionem.
467 1363 544 1404 -Ut
570 1364 745 1417 primum
778 1361 1009 1403 Orientales
1035 1375 1083 1403 ac
1114 1361 1307 1414 deinceps

168 1448 317 1491 Graeci
347 1446 607 1500 Romanique
625 1477 638 1494 ‚
670 1457 754 1486 tum
784 1458 883 1486 vero
913 1457 1054 1501 gentes
1093 1445 1307 1487 Germani-

167 1544 238 1574 cae
290 1532 340 1571 ad
381 1530 536 1572 cultum
583 1530 952 1582 humanitatemque
993 1529 1306 1582 processerunt,

168 1616 220 1657 fic
248 1615 366 1655 etiam
395 1615 436 1654 in
461 1612 739 1654 Orientalibus
765 1612 896 1667 plagis
925 1624 1016 1654 nata
1046 1624 1107 1653 est
1134 1611 1306 1667 Religio

167 1698 427 1746 Christiana,
480 1697 658 1750 perrexit
695 1696 889 1749 deinceps
928 1697 969 1736 in
1012 1695 1226 1737 Graeciam
1268 1707 1307 1736 et

168 1781 351 1831 Italiam,
389 1793 436 1821 ac
466 1779 624 1820 tandem
654 1780 695 1819 in
725 1778 961 1834 regionibus
1000 1779 1113 1821 hisce
1157 1780 1306 1820 nostris

169 1865 302 1906 sedem
341 1874 459 1905 nacta
503 1873 564 1904 est
618 1863 891 1917 praecipuam.
971 1861 1063 1904 Nec
1112 1861 1307 1916 profecto

171 1949 263 1989 casu
292 1948 374 1988 hoc
403 1948 457 1987 ita
486 1947 650 1995 evenit,
681 1945 929 1987 Auditores!
978 1945 1075 1987 Fuit
1101 1947 1207 1985 enim
1237 1957 1306 1985 na-

174 2031 312 2071 turalis
339 2030 488 2072 haecce
516 2030 696 2084 gentium
724 2031 966 2084 generisque
987 2029 1149 2070 humani
1178 2029 1306 2078 ratio,

173 2126 218 2155 ut
258 2114 308 2154 ab
349 2114 503 2154 oriente
544 2112 679 2154 versus
719 2112 994 2154 occidentales
1041 2123 1082 2152 et
1123 2111 1309 2152 boreales

175 2207 298 2239 terras
343 2195 524 2237 tenderet
559 2195 707 2238 cultus.
767 2194 925 2252 Quidni
955 2197 1079 2251 igitur
1107 2195 1313 2249 Religio,

1204 2288 1305 2330 quae
