<?xml version="1.0" encoding="UTF-8"?>
<!DOCTYPE html PUBLIC "-//W3C//DTD XHTML 1.0 Transitional//EN"
    "http://www.w3.org/TR/xhtml1/DTD/xhtml1-transitional.dtd">
<html xmlns="http://www.w3.org/1999/xhtml" xml:lang="en" lang="en">
 <head>
  <title>
</title>
<meta http-equiv="Content-Type" content="text/html;charset=utf-8" />
  <meta name='ocr-system' content='tesseract 3.04.00' />
  <meta name='ocr-capabilities' content='ocr_page ocr_carea ocr_par ocr_line ocrx_word'/>
</head>
<body>
  <div class='ocr_page' id='page_1' title='image "annalesacademiae23acad_1059.png"; bbox 0 0 1513 2734; ppageno 0'>
   <div class='ocr_carea' id='block_1_1' title="bbox 558 134 813 198">
    <p class='ocr_par' dir='ltr' id='par_1_1' title="bbox 558 134 813 198">
     <span class='ocr_line' id='line_1_1' title="bbox 558 134 813 198; baseline -0.02 0"><span class='ocrx_word' id='word_1_1' title='bbox 558 134 813 198; x_wconf 81' lang='lat'>(279)</span> 
     </span>
    </p>
   </div>
   <div class='ocr_carea' id='block_1_2' title="bbox 75 275 1233 2156">
    <p class='ocr_par' dir='ltr' id='par_1_2' title="bbox 278 275 1092 336">
     <span class='ocr_line' id='line_1_2' title="bbox 278 275 1092 336; baseline -0.007 -14"><span class='ocrx_word' id='word_1_2' title='bbox 278 288 386 336; x_wconf 83' lang='lat' dir='ltr'><em>pere</em></span> <span class='ocrx_word' id='word_1_3' title='bbox 415 280 640 322; x_wconf 75' lang='lat' dir='ltr'><em>civitatum</em></span> <span class='ocrx_word' id='word_1_4' title='bbox 668 276 859 332; x_wconf 79' lang='lat' dir='ltr'><em>intersit,</em></span> <span class='ocrx_word' id='word_1_5' title='bbox 887 288 957 317; x_wconf 83' lang='lat' dir='ltr'><em>res</em></span> <span class='ocrx_word' id='word_1_6' title='bbox 970 275 1092 331; x_wconf 83' lang='lat' dir='ltr'><em>judi-</em></span> 
     </span>
    </p>

    <p class='ocr_par' dir='ltr' id='par_1_3' title="bbox 285 344 1093 404">
     <span class='ocr_line' id='line_1_3' title="bbox 285 344 1093 404; baseline -0.01 -11"><span class='ocrx_word' id='word_1_7' title='bbox 285 360 408 393; x_wconf 79' lang='lat' dir='ltr'><em>catas</em></span> <span class='ocrx_word' id='word_1_8' title='bbox 440 357 522 404; x_wconf 78' lang='lat' dir='ltr'><em>pro</em></span> <span class='ocrx_word' id='word_1_9' title='bbox 564 350 750 392; x_wconf 73' lang='lat' dir='ltr'><em>veritate</em></span> <span class='ocrx_word' id='word_1_10' title='bbox 791 346 948 390; x_wconf 78' lang='lat' dir='ltr'><em>haberi</em></span> <span class='ocrx_word' id='word_1_11' title='bbox 980 371 1015 378; x_wconf 88' lang='lat'>—</span> <span class='ocrx_word' id='word_1_12' title='bbox 1043 344 1093 386; x_wconf 77' lang='lat' dir='ltr'><em>de</em></span> 
     </span>
    </p>

    <p class='ocr_par' dir='ltr' id='par_1_4' title="bbox 286 416 1095 476">
     <span class='ocr_line' id='line_1_4' title="bbox 286 416 1095 476; baseline -0.009 -13"><span class='ocrx_word' id='word_1_13' title='bbox 286 420 486 464; x_wconf 65' lang='lat' dir='ltr'><em>doctrina*</em></span> <span class='ocrx_word' id='word_1_14' title='bbox 516 421 636 476; x_wconf 82' lang='lat' dir='ltr'><em>juris</em></span> <span class='ocrx_word' id='word_1_15' title='bbox 665 418 829 462; x_wconf 78' lang='lat' dir='ltr'><em>Gallici</em></span> <span class='ocrx_word' id='word_1_16' title='bbox 867 417 989 459; x_wconf 82' lang='lat' dir='ltr'><em>circa</em></span> <span class='ocrx_word' id='word_1_17' title='bbox 1026 416 1095 457; x_wconf 86' lang='lat' dir='ltr'><em>rei</em></span> 
     </span>
    </p>

    <p class='ocr_par' dir='ltr' id='par_1_5' title="bbox 279 487 1094 547">
     <span class='ocr_line' id='line_1_5' title="bbox 279 487 1094 547; baseline -0.009 -14"><span class='ocrx_word' id='word_1_18' title='bbox 279 491 508 547; x_wconf 70' lang='lat' dir='ltr'><em>Judicatae</em></span> <span class='ocrx_word' id='word_1_19' title='bbox 528 491 832 533; x_wconf 86' lang='lat' dir='ltr'><em>auctoritatem</em></span> <span class='ocrx_word' id='word_1_20' title='bbox 859 513 891 520; x_wconf 84' lang='lat'><em>—-</em></span> <span class='ocrx_word' id='word_1_21' title='bbox 916 487 967 527; x_wconf 84' lang='lat' dir='ltr'><em>de</em></span> <span class='ocrx_word' id='word_1_22' title='bbox 988 498 1094 542; x_wconf 87' lang='lat' dir='ltr'><em>qua-</em></span> 
     </span>
    </p>

    <p class='ocr_par' dir='ltr' id='par_1_6' title="bbox 285 556 1093 616">
     <span class='ocr_line' id='line_1_6' title="bbox 285 556 1093 616; baseline -0.007 -13"><span class='ocrx_word' id='word_1_23' title='bbox 285 571 384 604; x_wconf 85' lang='lat' dir='ltr'><em>tuor</em></span> <span class='ocrx_word' id='word_1_24' title='bbox 409 560 515 604; x_wconf 85' lang='lat' dir='ltr'><em>Art.</em></span> <span class='ocrx_word' id='word_1_25' title='bbox 536 573 657 616; x_wconf 83' lang='lat'><strong>1351.</strong></span> <span class='ocrx_word' id='word_1_26' title='bbox 685 560 794 603; x_wconf 89' lang='lat' dir='ltr'><em>Cod.</em></span> <span class='ocrx_word' id='word_1_27' title='bbox 816 557 925 614; x_wconf 86' lang='lat' dir='ltr'><em>Nap.</em></span> <span class='ocrx_word' id='word_1_28' title='bbox 950 556 1093 612; x_wconf 84' lang='lat' dir='ltr'><em>requi-</em></span> 
     </span>
    </p>

    <p class='ocr_par' dir='ltr' id='par_1_7' title="bbox 277 631 387 687">
     <span class='ocr_line' id='line_1_7' title="bbox 277 631 387 687; baseline 0 -13"><span class='ocrx_word' id='word_1_29' title='bbox 277 631 387 687; x_wconf 83' lang='lat' dir='ltr'><em>fitis.</em></span> 
     </span>
    </p>

    <p class='ocr_par' dir='ltr' id='par_1_8' title="bbox 75 695 1233 1735">
     <span class='ocr_line' id='line_1_8' title="bbox 75 695 1092 760; baseline -0.006 -17"><span class='ocrx_word' id='word_1_30' title='bbox 75 717 78 719; x_wconf 19' lang='grc' dir='ltr'><strong>Α</strong></span> <span class='ocrx_word' id='word_1_31' title='bbox 113 700 139 756; x_wconf 76' lang='grc' dir='ltr'><strong>ς</strong></span> <span class='ocrx_word' id='word_1_32' title='bbox 161 699 277 744; x_wconf 90' lang='grc' dir='ltr'><strong>ΧΙΙΙ.</strong></span> <span class='ocrx_word' id='word_1_33' title='bbox 303 700 374 743; x_wconf 84' lang='lat' dir='ltr'><em>De</em></span> <span class='ocrx_word' id='word_1_34' title='bbox 392 702 601 758; x_wconf 76' lang='lat' dir='ltr'><em>judicii5‚</em></span> <span class='ocrx_word' id='word_1_35' title='bbox 632 715 742 760; x_wconf 80' lang='lat' dir='ltr'><em>quae</em></span> <span class='ocrx_word' id='word_1_36' title='bbox 770 701 856 744; x_wconf 70' lang='lat' dir='ltr'><em>vim</em></span> <span class='ocrx_word' id='word_1_37' title='bbox 882 699 950 742; x_wconf 83' lang='lat' dir='ltr'><em>rei</em></span> <span class='ocrx_word' id='word_1_38' title='bbox 971 695 1092 754; x_wconf 86' lang='lat' dir='ltr'><em>judi-</em></span> 
     </span>
     <span class='ocr_line' id='line_1_9' title="bbox 281 764 1233 822; baseline -0.009 -8"><span class='ocrx_word' id='word_1_39' title='bbox 281 782 409 819; x_wconf 59' lang='lat' dir='ltr'><em>catae</em></span> <span class='ocrx_word' id='word_1_40' title='bbox 437 773 637 816; x_wconf 80' lang='lat' dir='ltr'><em>habeant.</em></span> <span class='ocrx_word' id='word_1_41' title='bbox 713 804 724 814; x_wconf 92' lang='lat'>.</span> <span class='ocrx_word' id='word_1_42' title='bbox 798 803 810 813; x_wconf 94' lang='lat'><strong>.</strong></span> <span class='ocrx_word' id='word_1_43' title='bbox 877 802 888 813; x_wconf 89' lang='lat'>.</span> <span class='ocrx_word' id='word_1_44' title='bbox 949 799 960 809; x_wconf 91' lang='lat'>.</span> <span class='ocrx_word' id='word_1_45' title='bbox 1020 767 1130 822; x_wconf 88' lang='lat' dir='ltr'><em>Pag.</em></span> <span class='ocrx_word' id='word_1_46' title='bbox 1162 764 1233 821; x_wconf 90' lang='lat'><em>69.</em></span> 
     </span>
     <span class='ocr_line' id='line_1_10' title="bbox 280 841 1093 901; baseline -0.006 -17"><span class='ocrx_word' id='word_1_47' title='bbox 280 841 352 884; x_wconf 90' lang='lat' dir='ltr'><em>De</em></span> <span class='ocrx_word' id='word_1_48' title='bbox 387 843 596 897; x_wconf 81' lang='lat' dir='ltr'><em>judiciis,</em></span> <span class='ocrx_word' id='word_1_49' title='bbox 639 856 749 901; x_wconf 81' lang='lat' dir='ltr'><em>quae</em></span> <span class='ocrx_word' id='word_1_50' title='bbox 770 841 901 899; x_wconf 85' lang='lat' dir='ltr'><em>finem</em></span> <span class='ocrx_word' id='word_1_51' title='bbox 929 848 1093 881; x_wconf 88' lang='lat' dir='ltr'><em>contro-</em></span> 
     </span>
     <span class='ocr_line' id='line_1_11' title="bbox 279 906 1095 969; baseline -0.006 -14"><span class='ocrx_word' id='word_1_52' title='bbox 279 911 519 967; x_wconf 79' lang='lat' dir='ltr'><em>versiarum</em></span> <span class='ocrx_word' id='word_1_53' title='bbox 534 913 717 968; x_wconf 77' lang='lat' dir='ltr'><em>faciant</em></span> <span class='ocrx_word' id='word_1_54' title='bbox 743 937 779 948; x_wconf 94' lang='lat'><em>—-</em></span> <span class='ocrx_word' id='word_1_55' title='bbox 808 926 863 955; x_wconf 84' lang='lat' dir='ltr'><em>ex</em></span> <span class='ocrx_word' id='word_1_56' title='bbox 874 906 1095 969; x_wconf 63' lang='lat' dir='ltr'><em>sententiat</em></span> 
     </span>
     <span class='ocr_line' id='line_1_12' title="bbox 272 977 1093 1040; baseline -0.005 -15"><span class='ocrx_word' id='word_1_57' title='bbox 272 983 433 1039; x_wconf 81' lang='lat' dir='ltr'><em>statuti</em></span> <span class='ocrx_word' id='word_1_58' title='bbox 471 986 587 1040; x_wconf 83' lang='lat' dir='ltr'><em>regii</em></span> <span class='ocrx_word' id='word_1_59' title='bbox 613 984 685 1028; x_wconf 60' lang='lat' dir='ltr'><em>Af.</em></span> <span class='ocrx_word' id='word_1_60' title='bbox 722 984 844 1039; x_wconf 87' lang='lat'>1667.</span> <span class='ocrx_word' id='word_1_61' title='bbox 876 1008 911 1016; x_wconf 90' lang='lat'>—</span> <span class='ocrx_word' id='word_1_62' title='bbox 947 982 1012 1022; x_wconf 88' lang='lat'><em>1⁰.</em></span> <span class='ocrx_word' id='word_1_63' title='bbox 1042 977 1093 1019; x_wconf 81' lang='lat' dir='ltr'><em>de</em></span> 
     </span>
     <span class='ocr_line' id='line_1_13' title="bbox 270 1051 1096 1111; baseline -0.006 -17"><span class='ocrx_word' id='word_1_64' title='bbox 270 1053 480 1108; x_wconf 66' lang='lat' dir='ltr'><em>flcdiciis,</em></span> <span class='ocrx_word' id='word_1_65' title='bbox 511 1068 541 1096; x_wconf 92' lang='lat' dir='ltr'><em>a</em></span> <span class='ocrx_word' id='word_1_66' title='bbox 569 1055 719 1111; x_wconf 78' lang='lat' dir='ltr'><em>quihus</em></span> <span class='ocrx_word' id='word_1_67' title='bbox 757 1051 979 1108; x_wconf 83' lang='lat' dir='ltr'><em>appellari</em></span> <span class='ocrx_word' id='word_1_68' title='bbox 1013 1062 1096 1090; x_wconf 86' lang='lat' dir='ltr'><em>non</em></span> 
     </span>
     <span class='ocr_line' id='line_1_14' title="bbox 271 1121 1092 1178; baseline -0.006 -13"><span class='ocrx_word' id='word_1_69' title='bbox 271 1122 402 1178; x_wconf 77' lang='lat' dir='ltr'><em>possit</em></span> <span class='ocrx_word' id='word_1_70' title='bbox 430 1150 466 1159; x_wconf 91' lang='lat'>—</span> <span class='ocrx_word' id='word_1_71' title='bbox 491 1125 541 1166; x_wconf 84' lang='lat' dir='ltr'><em>de</em></span> <span class='ocrx_word' id='word_1_72' title='bbox 563 1127 646 1167; x_wconf 73' lang='lat' dir='ltr'><em>viis</em></span> <span class='ocrx_word' id='word_1_73' title='bbox 667 1121 1092 1168; x_wconf 83' lang='lat' dir='ltr'><em>extraordinariis—</em></span> 
     </span>
     <span class='ocr_line' id='line_1_15' title="bbox 277 1193 1092 1248; baseline -0.006 -14"><span class='ocrx_word' id='word_1_74' title='bbox 277 1193 330 1234; x_wconf 82' lang='lat' dir='ltr'><em>a&#39;e</em></span> <span class='ocrx_word' id='word_1_75' title='bbox 350 1194 531 1248; x_wconf 85' lang='lat' dir='ltr'><em>judiciis</em></span> <span class='ocrx_word' id='word_1_76' title='bbox 561 1193 940 1242; x_wconf 82' lang='lat' dir='ltr'><em>contradictoriis,</em></span> <span class='ocrx_word' id='word_1_77' title='bbox 971 1200 1020 1231; x_wconf 85' lang='lat' dir='ltr'><em>ut</em></span> <span class='ocrx_word' id='word_1_78' title='bbox 1049 1196 1092 1229; x_wconf 81' lang='lat' dir='ltr'><em>et</em></span> 
     </span>
     <span class='ocr_line' id='line_1_16' title="bbox 276 1263 1092 1320; baseline -0.006 -15"><span class='ocrx_word' id='word_1_79' title='bbox 276 1264 329 1305; x_wconf 86' lang='lat' dir='ltr'><em>cle</em></span> <span class='ocrx_word' id='word_1_80' title='bbox 367 1265 450 1315; x_wconf 84' lang='lat' dir='ltr'><em>iis,</em></span> <span class='ocrx_word' id='word_1_81' title='bbox 494 1277 606 1320; x_wconf 86' lang='lat' dir='ltr'><em>quae</em></span> <span class='ocrx_word' id='word_1_82' title='bbox 627 1263 745 1320; x_wconf 80' lang='lat' dir='ltr'><em>fiant</em></span> <span class='ocrx_word' id='word_1_83' title='bbox 764 1272 850 1319; x_wconf 89' lang='lat' dir='ltr'><em>per</em></span> <span class='ocrx_word' id='word_1_84' title='bbox 876 1271 1092 1304; x_wconf 80' lang='lat' dir='ltr'><em>contuma-</em></span> 
     </span>
     <span class='ocr_line' id='line_1_17' title="bbox 275 1331 1093 1390; baseline -0.006 -14"><span class='ocrx_word' id='word_1_85' title='bbox 275 1334 451 1377; x_wconf 76' lang='lat' dir='ltr'><em>ciam—</em></span> <span class='ocrx_word' id='word_1_86' title='bbox 473 1332 543 1376; x_wconf 83' lang='lat'><em>2⁰.</em></span> <span class='ocrx_word' id='word_1_87' title='bbox 565 1334 615 1375; x_wconf 87' lang='lat' dir='ltr'><em>de</em></span> <span class='ocrx_word' id='word_1_88' title='bbox 637 1334 819 1390; x_wconf 79' lang='lat' dir='ltr'><em>judiciis</em></span> <span class='ocrx_word' id='word_1_89' title='bbox 835 1365 849 1384; x_wconf 87' lang='lat'>,</span> <span class='ocrx_word' id='word_1_90' title='bbox 881 1347 910 1375; x_wconf 92' lang='lat' dir='ltr'><em>a</em></span> <span class='ocrx_word' id='word_1_91' title='bbox 939 1331 1093 1388; x_wconf 73' lang='lat' dir='ltr'><em>quibus·</em></span> 
     </span>
     <span class='ocr_line' id='line_1_18' title="bbox 274 1402 1089 1459; baseline -0.002 -15"><span class='ocrx_word' id='word_1_92' title='bbox 274 1416 357 1444; x_wconf 84' lang='lat' dir='ltr'><em>non</em></span> <span class='ocrx_word' id='word_1_93' title='bbox 386 1404 570 1458; x_wconf 77' lang='lat' dir='ltr'><em>amplius</em></span> <span class='ocrx_word' id='word_1_94' title='bbox 591 1405 810 1459; x_wconf 80' lang='lat' dir='ltr'><em>appellari</em></span> <span class='ocrx_word' id='word_1_95' title='bbox 832 1402 962 1459; x_wconf 82' lang='lat' dir='ltr'><em>possit</em></span> <span class='ocrx_word' id='word_1_96' title='bbox 981 1414 1022 1438; x_wconf 54' lang='grc' dir='ltr'><em>ἐν</em></span> <span class='ocrx_word' id='word_1_97' title='bbox 1039 1402 1089 1442; x_wconf 84' lang='lat' dir='ltr'><em>de</em></span> 
     </span>
     <span class='ocr_line' id='line_1_19' title="bbox 273 1469 1088 1528; baseline -0.005 -14"><span class='ocrx_word' id='word_1_98' title='bbox 273 1474 599 1514; x_wconf 79' lang='lat' dir='ltr'><em>renunciatione</em></span> <span class='ocrx_word' id='word_1_99' title='bbox 635 1473 918 1528; x_wconf 84' lang='lat' dir='ltr'><em>appellationi</em></span> <span class='ocrx_word' id='word_1_100' title='bbox 961 1496 994 1505; x_wconf 96' lang='lat'>-</span> <span class='ocrx_word' id='word_1_101' title='bbox 1038 1469 1088 1510; x_wconf 85' lang='lat' dir='ltr'><em>de</em></span> 
     </span>
     <span class='ocr_line' id='line_1_20' title="bbox 273 1539 1087 1598; baseline -0.005 -15"><span class='ocrx_word' id='word_1_102' title='bbox 273 1542 406 1583; x_wconf 82' lang='lat' dir='ltr'><em>modis</em></span> <span class='ocrx_word' id='word_1_103' title='bbox 432 1542 684 1598; x_wconf 87' lang='lat' dir='ltr'><em>appellandi</em></span> <span class='ocrx_word' id='word_1_104' title='bbox 713 1564 751 1574; x_wconf 86' lang='lat'><em>-—</em></span> <span class='ocrx_word' id='word_1_105' title='bbox 784 1539 853 1596; x_wconf 84' lang='lat'><em>3⁰.</em></span> <span class='ocrx_word' id='word_1_106' title='bbox 883 1541 934 1581; x_wconf 91' lang='lat' dir='ltr'><em>de</em></span> <span class='ocrx_word' id='word_1_107' title='bbox 965 1540 1087 1594; x_wconf 84' lang='lat' dir='ltr'><em>judi-</em></span> 
     </span>
     <span class='ocr_line' id='line_1_21' title="bbox 273 1611 1085 1666; baseline -0.002 -14"><span class='ocrx_word' id='word_1_108' title='bbox 273 1612 381 1661; x_wconf 80' lang='lat' dir='ltr'><em>ciis,</em></span> <span class='ocrx_word' id='word_1_109' title='bbox 413 1624 442 1651; x_wconf 93' lang='lat' dir='ltr'><em>a</em></span> <span class='ocrx_word' id='word_1_110' title='bbox 467 1612 618 1666; x_wconf 85' lang='lat' dir='ltr'><em>quibus</em></span> <span class='ocrx_word' id='word_1_111' title='bbox 647 1611 882 1666; x_wconf 84' lang='lat' dir='ltr'><em>appellatio</em></span> <span class='ocrx_word' id='word_1_112' title='bbox 916 1617 1085 1664; x_wconf 82' lang='lat' dir='ltr'><em>perem-</em></span> 
     </span>
     <span class='ocr_line' id='line_1_22' title="bbox 274 1679 415 1735; baseline -0.007 -14"><span class='ocrx_word' id='word_1_113' title='bbox 274 1690 324 1722; x_wconf 85' lang='lat' dir='ltr'><em>ta</em></span> <span class='ocrx_word' id='word_1_114' title='bbox 344 1679 415 1735; x_wconf 83' lang='lat' dir='ltr'><em>sit.</em></span> 
     </span>
    </p>

    <p class='ocr_par' dir='ltr' id='par_1_9' title="bbox 102 1748 1224 2156">
     <span class='ocr_line' id='line_1_23' title="bbox 102 1748 1083 1807; baseline 0 -16"><span class='ocrx_word' id='word_1_115' title='bbox 102 1749 264 1805; x_wconf 67' lang='lat' dir='ltr'><em>§xm</em></span> <span class='ocrx_word' id='word_1_116' title='bbox 292 1749 363 1791; x_wconf 88' lang='lat' dir='ltr'><em>De</em></span> <span class='ocrx_word' id='word_1_117' title='bbox 383 1751 527 1804; x_wconf 84' lang='lat' dir='ltr'><em>primo</em></span> <span class='ocrx_word' id='word_1_118' title='bbox 568 1750 674 1794; x_wconf 83' lang='lat' dir='ltr'><em>Art.</em></span> <span class='ocrx_word' id='word_1_119' title='bbox 711 1763 813 1806; x_wconf 80' lang='lat'>1351</span> <span class='ocrx_word' id='word_1_120' title='bbox 854 1748 1083 1807; x_wconf 79' lang='lat' dir='ltr'><em>requisito,</em></span> 
     </span>
     <span class='ocr_line' id='line_1_24' title="bbox 272 1819 1082 1877; baseline 0 -17"><span class='ocrx_word' id='word_1_121' title='bbox 272 1819 382 1875; x_wconf 79' lang='lat' dir='ltr'><em>quod</em></span> <span class='ocrx_word' id='word_1_122' title='bbox 419 1833 514 1871; x_wconf 83' lang='lat' dir='ltr'><em>res,</em></span> <span class='ocrx_word' id='word_1_123' title='bbox 558 1834 666 1877; x_wconf 86' lang='lat' dir='ltr'><em>quae</em></span> <span class='ocrx_word' id='word_1_124' title='bbox 688 1829 902 1876; x_wconf 83' lang='lat' dir='ltr'><em>petatur,</em></span> <span class='ocrx_word' id='word_1_125' title='bbox 934 1820 1082 1863; x_wconf 84' lang='lat' dir='ltr'><em>eadem</em></span> 
     </span>
     <span class='ocr_line' id='line_1_25' title="bbox 270 1887 1224 1945; baseline -0.002 -14"><span class='ocrx_word' id='word_1_126' title='bbox 270 1887 355 1945; x_wconf 83' lang='lat' dir='ltr'><em>esse</em></span> <span class='ocrx_word' id='word_1_127' title='bbox 384 1890 547 1933; x_wconf 85' lang='lat' dir='ltr'><em>debeat.</em></span> <span class='ocrx_word' id='word_1_128' title='bbox 623 1923 633 1933; x_wconf 92' lang='lat'><strong>.</strong></span> <span class='ocrx_word' id='word_1_129' title='bbox 709 1924 719 1934; x_wconf 89' lang='lat'><strong>.</strong></span> <span class='ocrx_word' id='word_1_130' title='bbox 797 1920 1096 1934; x_wconf 83' lang='grc'><strong>.....</strong></span> <span class='ocrx_word' id='word_1_131' title='bbox 1156 1900 1224 1943; x_wconf 66' lang='grc' dir='ltr'><em>ῃ.</em></span> 
     </span>
     <span class='ocr_line' id='line_1_26' title="bbox 268 1959 1083 2016; baseline -0.002 -14"><span class='ocrx_word' id='word_1_132' title='bbox 268 1960 499 2015; x_wconf 66' lang='lat' dir='ltr'><em>Principia</em></span> <span class='ocrx_word' id='word_1_133' title='bbox 496 1959 539 2016; x_wconf 89' lang='lat' dir='ltr'><em>J</em></span> <span class='ocrx_word' id='word_1_134' title='bbox 535 1963 628 2006; x_wconf 82' lang='lat' dir='ltr'><em>uris</em></span> <span class='ocrx_word' id='word_1_135' title='bbox 635 1961 827 2005; x_wconf 86' lang='lat' dir='ltr'><em>Romani</em></span> <span class='ocrx_word' id='word_1_136' title='bbox 838 1962 958 2004; x_wconf 88' lang='lat' dir='ltr'><em>circa</em></span> <span class='ocrx_word' id='word_1_137' title='bbox 968 1959 1083 2002; x_wconf 85' lang='lat' dir='ltr'><em>iden—</em></span> 
     </span>
     <span class='ocr_line' id='line_1_27' title="bbox 270 2032 1083 2088; baseline -0.002 -16"><span class='ocrx_word' id='word_1_138' title='bbox 270 2032 441 2075; x_wconf 81' lang='lat' dir='ltr'><em>titatem</em></span> <span class='ocrx_word' id='word_1_139' title='bbox 476 2034 572 2083; x_wconf 87' lang='lat' dir='ltr'><em>rei,</em></span> <span class='ocrx_word' id='word_1_140' title='bbox 603 2046 712 2088; x_wconf 83' lang='lat' dir='ltr'><em>quae</em></span> <span class='ocrx_word' id='word_1_141' title='bbox 740 2033 786 2075; x_wconf 89' lang='lat' dir='ltr'><em>in</em></span> <span class='ocrx_word' id='word_1_142' title='bbox 807 2032 987 2086; x_wconf 74' lang='lat' dir='ltr'><em>judiciis</em></span> <span class='ocrx_word' id='word_1_143' title='bbox 1007 2037 1083 2085; x_wconf 88' lang='lat' dir='ltr'><em>pc-</em></span> 
     </span>
     <span class='ocr_line' id='line_1_28' title="bbox 271 2099 997 2156; baseline 0 -14"><span class='ocrx_word' id='word_1_144' title='bbox 271 2103 385 2143; x_wconf 85' lang='lat' dir='ltr'><em>titur</em></span> <span class='ocrx_word' id='word_1_145' title='bbox 409 2128 443 2136; x_wconf 89' lang='lat'><em>-</em></span> <span class='ocrx_word' id='word_1_146' title='bbox 464 2103 570 2156; x_wconf 85' lang='lat' dir='ltr'><em>jure</em></span> <span class='ocrx_word' id='word_1_147' title='bbox 601 2104 767 2146; x_wconf 88' lang='lat' dir='ltr'><em>Gallico</em></span> <span class='ocrx_word' id='word_1_148' title='bbox 798 2099 997 2156; x_wconf 79' lang='lat' dir='ltr'><em>admissa.</em></span> 
     </span>
    </p>
   </div>
   <div class='ocr_carea' id='block_1_3' title="bbox 99 2168 1229 2295">
    <p class='ocr_par' dir='ltr' id='par_1_10' title="bbox 99 2168 1229 2295">
     <span class='ocr_line' id='line_1_29' title="bbox 99 2168 1078 2229; baseline 0 -16"><span class='ocrx_word' id='word_1_149' title='bbox 99 2170 123 2224; x_wconf 73' lang='grc' dir='ltr'>ς</span> <span class='ocrx_word' id='word_1_150' title='bbox 152 2168 247 2214; x_wconf 89' lang='lat' dir='ltr'><em>XV.</em></span> <span class='ocrx_word' id='word_1_151' title='bbox 277 2169 348 2214; x_wconf 78' lang='lat' dir='ltr'><em>De</em></span> <span class='ocrx_word' id='word_1_152' title='bbox 385 2173 525 2216; x_wconf 88' lang='lat' dir='ltr'><em>altero</em></span> <span class='ocrx_word' id='word_1_153' title='bbox 555 2174 659 2216; x_wconf 81' lang='lat' dir='ltr'><em>Art.</em></span> <span class='ocrx_word' id='word_1_154' title='bbox 701 2186 804 2229; x_wconf 85' lang='lat'>1351</span> <span class='ocrx_word' id='word_1_155' title='bbox 848 2170 1078 2229; x_wconf 80' lang='lat' dir='ltr'><em>requisito,</em></span> 
     </span>
     <span class='ocr_line' id='line_1_30' title="bbox 1119 2239 1229 2295; baseline -0.009 -15"><span class='ocrx_word' id='word_1_156' title='bbox 1119 2239 1229 2295; x_wconf 81' lang='lat' dir='ltr'><em>quod</em></span> 
     </span>
    </p>
   </div>
  </div>
 </body>
</html>
