<?xml version="1.0" encoding="UTF-8"?>
<!DOCTYPE html PUBLIC "-//W3C//DTD XHTML 1.0 Transitional//EN"
    "http://www.w3.org/TR/xhtml1/DTD/xhtml1-transitional.dtd">
<html xmlns="http://www.w3.org/1999/xhtml" xml:lang="en" lang="en">
 <head>
  <title>
</title>
<meta http-equiv="Content-Type" content="text/html;charset=utf-8" />
  <meta name='ocr-system' content='tesseract 3.04.00' />
  <meta name='ocr-capabilities' content='ocr_page ocr_carea ocr_par ocr_line ocrx_word'/>
</head>
<body>
  <div class='ocr_page' id='page_1' title='image "annalesacademiae23acad_0047.png"; bbox 0 0 1513 2734; ppageno 0'>
   <div class='ocr_carea' id='block_1_1' title="bbox 635 137 830 194">
    <p class='ocr_par' dir='ltr' id='par_1_1' title="bbox 635 137 830 194">
     <span class='ocr_line' id='line_1_1' title="bbox 635 137 830 194; baseline -0.005 0"><span class='ocrx_word' id='word_1_1' title='bbox 635 137 830 194; x_wconf 83' lang='lat'><strong>(5)</strong></span> 
     </span>
    </p>
   </div>
   <div class='ocr_carea' id='block_1_2' title="bbox 83 266 1285 2151">
    <p class='ocr_par' dir='ltr' id='par_1_2' title="bbox 83 266 1285 2151">
     <span class='ocr_line' id='line_1_2' title="bbox 155 266 1285 341; baseline 0.011 -31"><span class='ocrx_word' id='word_1_2' title='bbox 155 266 276 341; x_wconf 61' lang='lat' dir='ltr'><strong>{jonis</strong></span> <span class='ocrx_word' id='word_1_3' title='bbox 305 270 447 324; x_wconf 70' lang='lat' dir='ltr'><strong>causa,</strong></span> <span class='ocrx_word' id='word_1_4' title='bbox 478 273 725 318; x_wconf 74' lang='lat' dir='ltr'><strong>eruditorum</strong></span> <span class='ocrx_word' id='word_1_5' title='bbox 753 287 814 318; x_wconf 90' lang='lat' dir='ltr'><strong>est</strong></span> <span class='ocrx_word' id='word_1_6' title='bbox 840 276 938 318; x_wconf 84' lang='lat' dir='ltr'><strong>mihi</strong></span> <span class='ocrx_word' id='word_1_7' title='bbox 974 275 1155 318; x_wconf 86' lang='lat' dir='ltr'>sermone</span> <span class='ocrx_word' id='word_1_8' title='bbox 1195 290 1285 322; x_wconf 89' lang='lat' dir='ltr'><strong>ora·</strong></span> 
     </span>
     <span class='ocr_line' id='line_1_3' title="bbox 157 340 1283 418; baseline 0.008 -25"><span class='ocrx_word' id='word_1_9' title='bbox 157 353 216 418; x_wconf 66' lang='lat' dir='ltr'><strong>tio</strong></span> <span class='ocrx_word' id='word_1_10' title='bbox 244 354 436 395; x_wconf 87' lang='lat' dir='ltr'><strong>habenda.</strong></span> <span class='ocrx_word' id='word_1_11' title='bbox 497 355 644 411; x_wconf 85' lang='lat' dir='ltr'>Neque</span> <span class='ocrx_word' id='word_1_12' title='bbox 671 360 776 400; x_wconf 86' lang='lat' dir='ltr'><strong>enim</strong></span> <span class='ocrx_word' id='word_1_13' title='bbox 805 340 990 415; x_wconf 84' lang='lat' dir='ltr'><strong>ignorare</strong></span> <span class='ocrx_word' id='word_1_14' title='bbox 1019 359 1106 401; x_wconf 91' lang='lat' dir='ltr'><strong>Vos</strong></span> <span class='ocrx_word' id='word_1_15' title='bbox 1129 360 1251 402; x_wconf 87' lang='lat' dir='ltr'><strong>velim</strong></span> <span class='ocrx_word' id='word_1_16' title='bbox 1268 391 1283 414; x_wconf 95' lang='lat'>‚</span> 
     </span>
     <span class='ocr_line' id='line_1_4' title="bbox 134 435 1284 498; baseline 0.009 -23"><span class='ocrx_word' id='word_1_17' title='bbox 134 435 285 485; x_wconf 84' lang='lat' dir='ltr'><strong>·mihi‚</strong></span> <span class='ocrx_word' id='word_1_18' title='bbox 329 439 398 489; x_wconf 89' lang='lat' dir='ltr'><strong>qui</strong></span> <span class='ocrx_word' id='word_1_19' title='bbox 424 437 558 491; x_wconf 88' lang='lat' dir='ltr'><strong>plures</strong></span> <span class='ocrx_word' id='word_1_20' title='bbox 599 453 673 494; x_wconf 89' lang='lat' dir='ltr'><strong>per</strong></span> <span class='ocrx_word' id='word_1_21' title='bbox 701 453 828 482; x_wconf 89' lang='lat' dir='ltr'><strong>annos</strong></span> <span class='ocrx_word' id='word_1_22' title='bbox 859 443 940 483; x_wconf 88' lang='lat' dir='ltr'><strong>ruri</strong></span> <span class='ocrx_word' id='word_1_23' title='bbox 981 443 1188 498; x_wconf 84' lang='lat' dir='ltr'><strong>degerim,</strong></span> <span class='ocrx_word' id='word_1_24' title='bbox 1230 444 1284 485; x_wconf 85' lang='lat' dir='ltr'><strong>ab</strong></span> 
     </span>
     <span class='ocr_line' id='line_1_5' title="bbox 154 503 1283 581; baseline 0.009 -23"><span class='ocrx_word' id='word_1_25' title='bbox 154 512 230 558; x_wconf 84' lang='lat' dir='ltr'><strong>hac</strong></span> <span class='ocrx_word' id='word_1_26' title='bbox 276 518 417 562; x_wconf 69' lang='lat' dir='ltr'><strong>Vestra</strong></span> <span class='ocrx_word' id='word_1_27' title='bbox 460 503 757 574; x_wconf 30' lang='lat' dir='ltr'><strong>remotissimus&#39;</strong></span> <span class='ocrx_word' id='word_1_28' title='bbox 791 524 1039 575; x_wconf 81' lang='lat' dir='ltr'><strong>urbanitate,</strong></span> <span class='ocrx_word' id='word_1_29' title='bbox 1085 528 1125 566; x_wconf 92' lang='lat' dir='ltr'><strong>in</strong></span> <span class='ocrx_word' id='word_1_30' title='bbox 1161 539 1283 581; x_wconf 90' lang='lat' dir='ltr'><strong>quam</strong></span> 
     </span>
     <span class='ocr_line' id='line_1_6' title="bbox 152 590 1281 661; baseline 0.009 -21"><span class='ocrx_word' id='word_1_31' title='bbox 152 599 337 653; x_wconf 85' lang='lat' dir='ltr'><strong>plurimis</strong></span> <span class='ocrx_word' id='word_1_32' title='bbox 367 604 470 644; x_wconf 88' lang='lat' dir='ltr'><strong>vitae</strong></span> <span class='ocrx_word' id='word_1_33' title='bbox 499 606 732 660; x_wconf 84' lang='lat' dir='ltr'><strong>negotiosae</strong></span> <span class='ocrx_word' id='word_1_34' title='bbox 762 590 1133 661; x_wconf 80' lang='lat' dir='ltr'><strong>occupationibuS,</strong></span> <span class='ocrx_word' id='word_1_35' title='bbox 1180 620 1281 650; x_wconf 86' lang='lat' dir='ltr'><strong>tem-</strong></span> 
     </span>
     <span class='ocr_line' id='line_1_7' title="bbox 153 670 1282 739; baseline 0.008 -15"><span class='ocrx_word' id='word_1_36' title='bbox 153 696 230 737; x_wconf 85' lang='lat' dir='ltr'><strong>pus</strong></span> <span class='ocrx_word' id='word_1_37' title='bbox 258 696 339 725; x_wconf 87' lang='lat' dir='ltr'><strong>non</strong></span> <span class='ocrx_word' id='word_1_38' title='bbox 366 685 484 727; x_wconf 85' lang='lat' dir='ltr'><strong>fuisse</strong></span> <span class='ocrx_word' id='word_1_39' title='bbox 511 699 578 730; x_wconf 88' lang='lat' dir='ltr'><strong>aut</strong></span> <span class='ocrx_word' id='word_1_40' title='bbox 607 670 758 739; x_wconf 83' lang='lat' dir='ltr'><strong>otium,</strong></span> <span class='ocrx_word' id='word_1_41' title='bbox 788 690 838 730; x_wconf 88' lang='lat' dir='ltr'><strong>ad</strong></span> <span class='ocrx_word' id='word_1_42' title='bbox 854 689 1021 734; x_wconf 81' lang='lat' dir='ltr'><strong>Latinae</strong></span> <span class='ocrx_word' id='word_1_43' title='bbox 1041 703 1105 732; x_wconf 90' lang='lat' dir='ltr'><strong>me</strong></span> <span class='ocrx_word' id='word_1_44' title='bbox 1129 693 1282 733; x_wconf 86' lang='lat' dir='ltr'><strong>oratio·</strong></span> 
     </span>
     <span class='ocr_line' id='line_1_8' title="bbox 152 765 1281 823; baseline 0.008 -18"><span class='ocrx_word' id='word_1_45' title='bbox 152 767 214 806; x_wconf 90' lang='lat' dir='ltr'><strong>nis</strong></span> <span class='ocrx_word' id='word_1_46' title='bbox 242 765 474 809; x_wconf 82' lang='lat' dir='ltr'><strong>facultatem</strong></span> <span class='ocrx_word' id='word_1_47' title='bbox 506 771 817 823; x_wconf 84' lang='lat' dir='ltr'><strong>comparandam</strong></span> <span class='ocrx_word' id='word_1_48' title='bbox 859 773 1087 814; x_wconf 84' lang='lat' dir='ltr'><strong>exercendi.</strong></span> <span class='ocrx_word' id='word_1_49' title='bbox 1159 772 1281 815; x_wconf 89' lang='lat' dir='ltr'><strong>Unde</strong></span> 
     </span>
     <span class='ocr_line' id='line_1_9' title="bbox 83 846 1278 910; baseline 0.007 -21"><span class='ocrx_word' id='word_1_50' title='bbox 83 874 86 877; x_wconf 94' lang='lat'><em>-</em></span> <span class='ocrx_word' id='word_1_51' title='bbox 150 846 302 910; x_wconf 27' lang='lat' dir='ltr'><strong>fac-tum</strong></span> <span class='ocrx_word' id='word_1_52' title='bbox 333 861 422 899; x_wconf 90' lang='lat' dir='ltr'><strong>est,</strong></span> <span class='ocrx_word' id='word_1_53' title='bbox 455 862 525 900; x_wconf 81' lang='lat' dir='ltr'><strong>ut,</strong></span> <span class='ocrx_word' id='word_1_54' title='bbox 571 854 894 909; x_wconf 86' lang='lat' dir='ltr'><strong>quotiescunque</strong></span> <span class='ocrx_word' id='word_1_55' title='bbox 921 856 1042 897; x_wconf 90' lang='lat' dir='ltr'><strong>verba</strong></span> <span class='ocrx_word' id='word_1_56' title='bbox 1073 855 1170 896; x_wconf 90' lang='lat' dir='ltr'><strong>mihi</strong></span> <span class='ocrx_word' id='word_1_57' title='bbox 1207 869 1278 897; x_wconf 89' lang='lat' dir='ltr'><strong>co-</strong></span> 
     </span>
     <span class='ocr_line' id='line_1_10' title="bbox 149 931 1279 992; baseline 0.007 -21"><span class='ocrx_word' id='word_1_58' title='bbox 149 943 232 972; x_wconf 86' lang='lat' dir='ltr'><strong>ram</strong></span> <span class='ocrx_word' id='word_1_59' title='bbox 260 931 391 973; x_wconf 87' lang='lat' dir='ltr'><strong>Vobis</strong></span> <span class='ocrx_word' id='word_1_60' title='bbox 416 932 598 975; x_wconf 83' lang='lat' dir='ltr'><strong>facienda</strong></span> <span class='ocrx_word' id='word_1_61' title='bbox 624 935 714 977; x_wconf 89' lang='lat' dir='ltr'><strong>fore</strong></span> <span class='ocrx_word' id='word_1_62' title='bbox 744 938 996 992; x_wconf 85' lang='lat' dir='ltr'><strong>cogitarem;</strong></span> <span class='ocrx_word' id='word_1_63' title='bbox 1035 940 1154 980; x_wconf 89' lang='lat' dir='ltr'><strong>toties</strong></span> <span class='ocrx_word' id='word_1_64' title='bbox 1173 969 1185 988; x_wconf 89' lang='lat'><strong>,</strong></span> <span class='ocrx_word' id='word_1_65' title='bbox 1218 940 1279 979; x_wconf 89' lang='lat' dir='ltr'><strong>in-</strong></span> 
     </span>
     <span class='ocr_line' id='line_1_11' title="bbox 149 1013 1278 1074; baseline 0.006 -19"><span class='ocrx_word' id='word_1_66' title='bbox 149 1013 282 1055; x_wconf 84' lang='lat' dir='ltr'><strong>cultae</strong></span> <span class='ocrx_word' id='word_1_67' title='bbox 307 1015 488 1056; x_wconf 69' lang='lat' dir='ltr'><strong>barbaria</strong></span> <span class='ocrx_word' id='word_1_68' title='bbox 518 1016 704 1072; x_wconf 84' lang='lat' dir='ltr'><strong>linguae,</strong></span> <span class='ocrx_word' id='word_1_69' title='bbox 741 1032 791 1059; x_wconf 93' lang='lat' dir='ltr'><strong>ne</strong></span> <span class='ocrx_word' id='word_1_70' title='bbox 818 1019 1000 1060; x_wconf 83' lang='lat' dir='ltr'><strong>nauseam</strong></span> <span class='ocrx_word' id='word_1_71' title='bbox 1028 1021 1278 1074; x_wconf 78' lang='lat' dir='ltr'><strong>politissimis</strong></span> 
     </span>
     <span class='ocr_line' id='line_1_12' title="bbox 150 1095 1278 1153; baseline 0.007 -17"><span class='ocrx_word' id='word_1_72' title='bbox 150 1095 381 1149; x_wconf 72' lang='lat' dir='ltr'><strong>hominibus</strong></span> <span class='ocrx_word' id='word_1_73' title='bbox 408 1098 532 1141; x_wconf 83' lang='lat' dir='ltr'><strong>essem</strong></span> <span class='ocrx_word' id='word_1_74' title='bbox 560 1113 606 1143; x_wconf 85' lang='lat' dir='ltr'><strong>ac</strong></span> <span class='ocrx_word' id='word_1_75' title='bbox 637 1100 842 1142; x_wconf 83' lang='lat' dir='ltr'><strong>fastidium</strong></span> <span class='ocrx_word' id='word_1_76' title='bbox 879 1114 1112 1153; x_wconf 84' lang='lat' dir='ltr'><strong>creaturus,</strong></span> <span class='ocrx_word' id='word_1_77' title='bbox 1155 1104 1278 1145; x_wconf 87' lang='lat' dir='ltr'><strong>vehe-</strong></span> 
     </span>
     <span class='ocr_line' id='line_1_13' title="bbox 147 1179 1279 1229; baseline 0.01 -12"><span class='ocrx_word' id='word_1_78' title='bbox 147 1179 387 1220; x_wconf 88' lang='lat' dir='ltr'><strong>mentisfime</strong></span> <span class='ocrx_word' id='word_1_79' title='bbox 434 1181 616 1223; x_wconf 88' lang='lat' dir='ltr'><strong>timerem</strong></span> <span class='ocrx_word' id='word_1_80' title='bbox 656 1193 697 1223; x_wconf 89' lang='lat' dir='ltr'><strong>et</strong></span> <span class='ocrx_word' id='word_1_81' title='bbox 749 1183 1065 1227; x_wconf 84' lang='lat' dir='ltr'><strong>reformidarem.</strong></span> <span class='ocrx_word' id='word_1_82' title='bbox 1154 1184 1279 1229; x_wconf 87' lang='lat' dir='ltr'><strong>Hunc</strong></span> 
     </span>
     <span class='ocr_line' id='line_1_14' title="bbox 145 1261 1275 1319; baseline 0.009 -19"><span class='ocrx_word' id='word_1_83' title='bbox 145 1261 281 1314; x_wconf 85' lang='lat' dir='ltr'><strong>itaque</strong></span> <span class='ocrx_word' id='word_1_84' title='bbox 330 1263 369 1304; x_wconf 87' lang='lat' dir='ltr'><strong>in</strong></span> <span class='ocrx_word' id='word_1_85' title='bbox 413 1263 606 1314; x_wconf 89' lang='lat' dir='ltr'><strong>modum,</strong></span> <span class='ocrx_word' id='word_1_86' title='bbox 651 1276 701 1306; x_wconf 90' lang='lat' dir='ltr'><strong>ne</strong></span> <span class='ocrx_word' id='word_1_87' title='bbox 745 1265 844 1319; x_wconf 88' lang='lat' dir='ltr'><strong>quid</strong></span> <span class='ocrx_word' id='word_1_88' title='bbox 884 1266 1075 1316; x_wconf 85' lang='lat' dir='ltr'><strong>diffitear,</strong></span> <span class='ocrx_word' id='word_1_89' title='bbox 1113 1280 1275 1311; x_wconf 88' lang='lat' dir='ltr'><strong>mecum</strong></span> 
     </span>
     <span class='ocr_line' id='line_1_15' title="bbox 146 1332 1274 1408; baseline 0.006 -22"><span class='ocrx_word' id='word_1_90' title='bbox 146 1342 230 1408; x_wconf 64' lang='lat' dir='ltr'><strong>sum</strong></span> <span class='ocrx_word' id='word_1_91' title='bbox 275 1345 359 1397; x_wconf 87' lang='lat' dir='ltr'><strong>ipse</strong></span> <span class='ocrx_word' id='word_1_92' title='bbox 387 1332 592 1389; x_wconf 74' lang='lat' dir='ltr'><strong>locutus:</strong></span> <span class='ocrx_word' id='word_1_93' title='bbox 649 1374 677 1401; x_wconf 89' lang='lat'><strong>„</strong></span> <span class='ocrx_word' id='word_1_94' title='bbox 715 1346 828 1403; x_wconf 88' lang='lat' dir='ltr'><strong>Quin</strong></span> <span class='ocrx_word' id='word_1_95' title='bbox 873 1360 944 1399; x_wconf 91' lang='lat' dir='ltr'><strong>tu,</strong></span> <span class='ocrx_word' id='word_1_96' title='bbox 997 1363 1089 1393; x_wconf 91' lang='lat' dir='ltr'><strong>cum</strong></span> <span class='ocrx_word' id='word_1_97' title='bbox 1140 1364 1274 1407; x_wconf 87' lang='lat' dir='ltr'><strong>neque</strong></span> 
     </span>
     <span class='ocr_line' id='line_1_16' title="bbox 144 1425 1274 1488; baseline 0.009 -21"><span class='ocrx_word' id='word_1_98' title='bbox 144 1427 363 1468; x_wconf 83' lang='lat' dir='ltr'><strong>commode</strong></span> <span class='ocrx_word' id='word_1_99' title='bbox 393 1430 520 1482; x_wconf 80' lang='lat' dir='ltr'><strong>possis</strong></span> <span class='ocrx_word' id='word_1_100' title='bbox 550 1430 710 1481; x_wconf 86' lang='lat' dir='ltr'><strong>dicere,</strong></span> <span class='ocrx_word' id='word_1_101' title='bbox 756 1444 887 1486; x_wconf 90' lang='lat' dir='ltr'><strong>neque</strong></span> <span class='ocrx_word' id='word_1_102' title='bbox 912 1434 1111 1488; x_wconf 91' lang='lat' dir='ltr'><strong>copiose,</strong></span> <span class='ocrx_word' id='word_1_103' title='bbox 1142 1425 1184 1475; x_wconf 89' lang='lat' dir='ltr'><strong>id</strong></span> <span class='ocrx_word' id='word_1_104' title='bbox 1212 1449 1274 1477; x_wconf 86' lang='lat' dir='ltr'><strong>ar·</strong></span> 
     </span>
     <span class='ocr_line' id='line_1_17' title="bbox 143 1497 1273 1569; baseline 0.008 -18"><span class='ocrx_word' id='word_1_105' title='bbox 143 1522 379 1564; x_wconf 79' lang='lat' dir='ltr'><strong>gumentum</strong></span> <span class='ocrx_word' id='word_1_106' title='bbox 410 1511 556 1567; x_wconf 68' lang='lat' dir='ltr'><strong>eligi-3,</strong></span> <span class='ocrx_word' id='word_1_107' title='bbox 588 1497 725 1567; x_wconf 84' lang='lat' dir='ltr'><strong>quod,</strong></span> <span class='ocrx_word' id='word_1_108' title='bbox 758 1529 850 1557; x_wconf 91' lang='lat' dir='ltr'><strong>cum</strong></span> <span class='ocrx_word' id='word_1_109' title='bbox 878 1513 1058 1569; x_wconf 81' lang='lat' dir='ltr'><strong>patriae,</strong></span> <span class='ocrx_word' id='word_1_110' title='bbox 1091 1520 1273 1562; x_wconf 89' lang='lat' dir='ltr'><strong>omnium</strong></span> 
     </span>
     <span class='ocr_line' id='line_1_18' title="bbox 142 1594 1272 1656; baseline 0.007 -22"><span class='ocrx_word' id='word_1_111' title='bbox 142 1594 327 1651; x_wconf 79' lang='lat' dir='ltr'><strong>caritates</strong></span> <span class='ocrx_word' id='word_1_112' title='bbox 347 1653 350 1655; x_wconf 5' lang='grc' dir='ltr'>μ</span> <span class='ocrx_word' id='word_1_113' title='bbox 372 1594 640 1650; x_wconf 86' lang='lat' dir='ltr'><strong>complexae,</strong></span> <span class='ocrx_word' id='word_1_114' title='bbox 684 1596 820 1639; x_wconf 87' lang='lat' dir='ltr'><strong>laudes</strong></span> <span class='ocrx_word' id='word_1_115' title='bbox 860 1599 1004 1641; x_wconf 88' lang='lat' dir='ltr'><strong>habeat</strong></span> <span class='ocrx_word' id='word_1_116' title='bbox 1036 1601 1272 1656; x_wconf 84' lang='lat' dir='ltr'><strong>adjunctas,</strong></span> 
     </span>
     <span class='ocr_line' id='line_1_19' title="bbox 129 1668 1272 1734; baseline 0.008 -18"><span class='ocrx_word' id='word_1_117' title='bbox 129 1668 208 1734; x_wconf 42' lang='lat' dir='ltr'><strong>‘sua</strong></span> <span class='ocrx_word' id='word_1_118' title='bbox 251 1676 421 1729; x_wconf 58' lang='lat' dir='ltr'><strong>quadam</strong></span> <span class='ocrx_word' id='word_1_119' title='bbox 471 1679 691 1729; x_wconf 84' lang='lat' dir='ltr'><strong>suavitate,</strong></span> <span class='ocrx_word' id='word_1_120' title='bbox 738 1683 847 1722; x_wconf 88' lang='lat' dir='ltr'><strong>tenui</strong></span> <span class='ocrx_word' id='word_1_121' title='bbox 893 1685 1114 1724; x_wconf 88' lang='lat' dir='ltr'><strong>oratoriae</strong></span> <span class='ocrx_word' id='word_1_122' title='bbox 1154 1685 1272 1725; x_wconf 87' lang='lat' dir='ltr'><strong>mini·-</strong></span> 
     </span>
     <span class='ocr_line' id='line_1_20' title="bbox 128 1754 1269 1823; baseline 0.007 -23"><span class='ocrx_word' id='word_1_123' title='bbox 128 1754 203 1800; x_wconf 54' lang='lat' dir='ltr'><strong>&#39;me</strong></span> <span class='ocrx_word' id='word_1_124' title='bbox 233 1758 472 1813; x_wconf 88' lang='lat' dir='ltr'><strong>eloquenti,</strong></span> <span class='ocrx_word' id='word_1_125' title='bbox 503 1773 543 1802; x_wconf 86' lang='lat' dir='ltr'><strong>et</strong></span> <span class='ocrx_word' id='word_1_126' title='bbox 572 1763 812 1805; x_wconf 86' lang='lat' dir='ltr'><strong>audientiam</strong></span> <span class='ocrx_word' id='word_1_127' title='bbox 840 1764 990 1816; x_wconf 83' lang='lat' dir='ltr'><strong>faciat,</strong></span> <span class='ocrx_word' id='word_1_128' title='bbox 1035 1778 1074 1807; x_wconf 92' lang='lat' dir='ltr'><strong>et</strong></span> <span class='ocrx_word' id='word_1_129' title='bbox 1101 1768 1269 1823; x_wconf 87' lang='lat' dir='ltr'><strong>gratiam</strong></span> 
     </span>
     <span class='ocr_line' id='line_1_21' title="bbox 137 1840 1268 1903; baseline 0.008 -21"><span class='ocrx_word' id='word_1_130' title='bbox 137 1840 379 1902; x_wconf 70' lang='lat' dir='ltr'><strong>cone.iliet.&#39;’</strong></span> <span class='ocrx_word' id='word_1_131' title='bbox 468 1843 616 1887; x_wconf 88' lang='lat' dir='ltr'><strong>Dicam</strong></span> <span class='ocrx_word' id='word_1_132' title='bbox 645 1847 797 1901; x_wconf 86' lang='lat' dir='ltr'><strong>igitur,</strong></span> <span class='ocrx_word' id='word_1_133' title='bbox 843 1847 1004 1898; x_wconf 92' lang='lat' dir='ltr'><strong>Vobis,</strong></span> <span class='ocrx_word' id='word_1_134' title='bbox 1046 1861 1091 1890; x_wconf 90' lang='lat' dir='ltr'><strong>ut</strong></span> <span class='ocrx_word' id='word_1_135' title='bbox 1122 1849 1268 1903; x_wconf 88' lang='lat' dir='ltr'><strong>spero,</strong></span> 
     </span>
     <span class='ocr_line' id='line_1_22' title="bbox 135 1925 1269 1988; baseline 0.011 -25"><span class='ocrx_word' id='word_1_136' title='bbox 135 1934 220 1988; x_wconf 70' lang='lat' dir='ltr'><strong>non</strong></span> <span class='ocrx_word' id='word_1_137' title='bbox 263 1925 526 1976; x_wconf 86' lang='lat' dir='ltr'><strong>nolentibus,</strong></span> <span class='ocrx_word' id='word_1_138' title='bbox 571 1928 620 1970; x_wconf 81' lang='lat' dir='ltr'><strong>de</strong></span> <span class='ocrx_word' id='word_1_139' title='bbox 653 1928 829 1985; x_wconf 81' lang='lat' dir='ltr'><strong>Belgio,</strong></span> <span class='ocrx_word' id='word_1_140' title='bbox 861 1931 1113 1986; x_wconf 78' lang='lat' dir='ltr'><strong>disciplinae</strong></span> <span class='ocrx_word' id='word_1_141' title='bbox 1141 1931 1269 1975; x_wconf 78' lang='lat' dir='ltr'><strong>Theo-</strong></span> 
     </span>
     <span class='ocr_line' id='line_1_23' title="bbox 140 1996 1268 2071; baseline 0.011 -25"><span class='ocrx_word' id='word_1_142' title='bbox 140 2005 326 2060; x_wconf 79' lang='lat' dir='ltr'><strong>logicae,</strong></span> <span class='ocrx_word' id='word_1_143' title='bbox 359 1996 506 2052; x_wconf 57' lang='lat' dir='ltr'><strong>nostra*</strong></span> <span class='ocrx_word' id='word_1_144' title='bbox 533 2011 733 2065; x_wconf 73' lang='lat' dir='ltr'><strong>inprimis</strong></span> <span class='ocrx_word' id='word_1_145' title='bbox 762 2023 936 2063; x_wconf 71' lang='lat' dir='ltr'><strong>aetate,</strong></span> <span class='ocrx_word' id='word_1_146' title='bbox 958 2009 1268 2071; x_wconf 75' lang='lat' dir='ltr'><strong>fhdepulcher-</strong></span> 
     </span>
     <span class='ocr_line' id='line_1_24' title="bbox 138 2087 1266 2151; baseline 0.012 -23"><span class='ocrx_word' id='word_1_147' title='bbox 138 2087 256 2141; x_wconf 70' lang='lat' dir='ltr'><strong>rimci</strong></span> <span class='ocrx_word' id='word_1_148' title='bbox 295 2099 336 2131; x_wconf 84' lang='lat' dir='ltr'><strong>et</strong></span> <span class='ocrx_word' id='word_1_149' title='bbox 376 2094 564 2135; x_wconf 82' lang='lat' dir='ltr'><strong>maxime</strong></span> <span class='ocrx_word' id='word_1_150' title='bbox 607 2095 855 2148; x_wconf 47' lang='lat' dir='ltr'><strong>opportuna&amp;</strong></span> <span class='ocrx_word' id='word_1_151' title='bbox 930 2096 1063 2151; x_wconf 82' lang='lat' dir='ltr'><strong>Quam</strong></span> <span class='ocrx_word' id='word_1_152' title='bbox 1109 2099 1266 2142; x_wconf 83' lang='lat' dir='ltr'><strong>causam</strong></span> 
     </span>
    </p>
   </div>
   <div class='ocr_carea' id='block_1_3' title="bbox 136 2173 1266 2307">
    <p class='ocr_par' dir='ltr' id='par_1_3' title="bbox 136 2173 1266 2307">
     <span class='ocr_line' id='line_1_25' title="bbox 136 2173 1266 2230; baseline 0.012 -19"><span class='ocrx_word' id='word_1_153' title='bbox 136 2173 300 2227; x_wconf 82' lang='lat' dir='ltr'><strong>agenti,</strong></span> <span class='ocrx_word' id='word_1_154' title='bbox 331 2184 376 2215; x_wconf 91' lang='lat' dir='ltr'><strong>ut</strong></span> <span class='ocrx_word' id='word_1_155' title='bbox 401 2186 451 2216; x_wconf 87' lang='lat' dir='ltr'><strong>ne</strong></span> <span class='ocrx_word' id='word_1_156' title='bbox 482 2177 581 2219; x_wconf 87' lang='lat' dir='ltr'><strong>mihi</strong></span> <span class='ocrx_word' id='word_1_157' title='bbox 611 2177 736 2230; x_wconf 84' lang='lat' dir='ltr'><strong>defit,</strong></span> <span class='ocrx_word' id='word_1_158' title='bbox 768 2179 1011 2224; x_wconf 79' lang='lat' dir='ltr'><strong>Auditores!</strong></span> <span class='ocrx_word' id='word_1_159' title='bbox 1051 2181 1194 2224; x_wconf 68' lang='lat' dir='ltr'><strong>Vestra</strong></span> <span class='ocrx_word' id='word_1_160' title='bbox 1224 2184 1266 2225; x_wconf 87' lang='lat' dir='ltr'><strong>in</strong></span> 
     </span>
     <span class='ocr_line' id='line_1_26' title="bbox 1189 2263 1261 2307; baseline 0.028 -2"><span class='ocrx_word' id='word_1_161' title='bbox 1189 2263 1261 2307; x_wconf 89' lang='lat' dir='ltr'><strong>hu-</strong></span> 
     </span>
    </p>
   </div>
  </div>
 </body>
</html>
