1513 2734
450 393 793 446 MORES.

65 546 393 586 DEFENDUNTUR
420 542 673 576 CHRISTIANI
706 540 760 569 AB
789 531 1038 571 HOMICIDH,
1068 530 1200 562 'rnn-

122 620 327 653 sTEARUM
356 615 623 651 EPULARUM,
664 613 718 640 Ac
750 605 963 639 INCESTAE
991 602 1149 635 mmm·

489 686 558 716 NIS
588 679 789 714 CRIMINE.

351 792 919 820 Μ

397 896 652 954 Exponitur
683 883 861 935 crimen.

69 1013 221 1125 Quo
252 1052 380 1108 magis
409 1047 635 1092 Christiani
663 1056 835 1086 numero
866 1044 1129 1088 increscunt,
1158 1048 1212 1079 eo

68 1129 196 1182 magis
223 1125 405 1166 omnium
435 1119 485 1160 ad
516 1119 554 1160 se
583 1116 746 1158 trahunt
771 1112 932 1154 oculos.
993 1108 1085 1151 Hos
1113 1120 1213 1151 vero

68 1197 262 1251 aufugere
307 1190 413 1233 velle
456 1182 658 1230 videntur.
720 1181 906 1224 Publicis
952 1171 1060 1220 enirn
1101 1180 1217 1222 festis

68 1279 116 1308 ac
158 1264 278 1306 sacris
320 1259 428 1303 haud
470 1255 682 1299 intersunt.
753 1252 788 1294 E
824 1250 1059 1298 contrario,
1105 1249 1218 1291 clan-

60 1326 252 1377 destinos
281 1346 328 1374 ac
354 1322 580 1373 nocturnos
615 1323 823 1367 celebrant
854 1330 1095 1363 conventus,
1158 1316 1220 1358 Ita

71 1404 302 1447 adversariis
327 1402 470 1454 sponte
499 1403 539 1440 in
571 1395 801 1449 suspicione
836 1392 938 1433 sunt.
1000 1419 1028 1444 ‚,
1069 1386 1220 1453 Quid

72 1475 290 1529 inquiunt,
321 1468 523 1534 latebrosa
547 1456 1106 1519 aclucifucrax1stanati0?”
1137 1450 1220 1511 (ι)

72 1543 206 1588 Dubii
235 1543 397 1594 interim
426 1540 474 1580 de
500 1529 563 1578 his
599 1532 829 1588 mysteriis
862 1544 965 1586 quae
994 1529 1216 1597 dicuntur,

75 1616 318 1669 sparguntur
347 1619 548 1650 rumores·
609 1605 759 1646 Avide
772 1604 817 1645 hi
843 1603 1118 1665 arripiuntur
1149 1611 1221 1640 au-

79 1696 238 1744 gentur.
299 1677 532 1721 Credantur
559 1675 722 1717 facilius
763 1674 818 1714 ob
860 1672 1068 1726 plurium,
1103 1676 1218 1722 quae

78 1753 187 1808 apud
247 1750 357 1805 ipsos
413 1748 640 1798 habentur,
680 1744 990 1798 ,mysteriorum
1039 1739 1214 1781 foedita-

78 1822 164 1885 -te'm
192 1818 322 1875 (2).
349 1819 487 1872 Atque
520 1818 576 1857 ita
607 1815 767 1856 tandem
797 1813 1125 1861 Christianorum
1155 1820 1224 1851 ac·

81 1892 286 1936 cusatores
327 1898 455 1946 agunt
482 1885 709 1930 adversarii.
1081 1937 1119 1980 C

332 1954 334 1957 ’
419 1947 422 1953 ‘
538 1947 570 1970 '·
1029 1938 1031 1941 ’
1123 1936 1226 1979 hris-

131 2050 194 2097 (1)
218 2051 482 2090 Minucius
518 2047 670 2089 Felix
698 2047 730 2079 in
757 2047 929 2094 Octavio,
953 2042 1009 2081 ed.
1040 2042 1229 2079 Grono-

86 2110 186 2149 vii,
241 2109 328 2142 ,82.

133 2119 377 2211 (fizesz,
402 2163 425 2198 1.
449 2162 473 2196 1.
497 2161 531 2197 S.
557 2163 612 2206 89.
639 2167 792 2202 not.49.
