1513 2734
570 161 713 211 (19
771 150 832 233 ,ὶχ

114 292 259 345 aquam
296 289 426 337 reddit
463 290 704 343 alcalinam,
748 288 861 344 quod
895 301 935 330 v.
966 300 1003 329 c.
1034 300 1108 342 per
1135 289 1243 340 syru-

113 374 214 415 pum
243 360 440 402 indicatur
466 361 677 413 violarum.
740 360 784 408 Si
807 370 1047 414 evaporatur
1069 358 1246 416 aliquan-

116 441 201 470 tum
244 442 285 469 et
326 430 495 471 filtratur
534 431 697 484 liquor,
742 431 851 484 fique
893 429 1050 483 additur
1089 430 1248 489 acidum

115 499 348 553 quoddam,
382 514 419 541 v,
451 514 488 541 c.
521 500 821 554 sulphuricum‚
854 499 1155 555 effervescentia
1171 501 1251 540 ori—

117 581 210 618 tur,
249 572 343 623 quia
367 571 587 624 expellitur
613 571 775 620 acidum
803 571 1081 627 carbonicpm.
1153 568 1248 610 Dif-

115 640 285 681 ferentia
310 642 414 681 inter
439 641 622 693 potassae
650 652 718 691 aut
740 640 858 695 fogiae
887 641 939 681 sal
967 640 1147 697 addenda
1175 640 1249 693 hy-

115 709 389 750 drochloratis
428 706 573 762 platini
603 709 806 760 solutione
842 711 1116 766 conspicitur,
1158 711 1253 764 quia

115 781 228 832 prius
258 779 403 820 colore
430 779 668 829 flavescente
697 793 771 834 per
803 779 906 822 illud
933 782 1255 833 praecipitatur,

117 859 324 903 posterius
352 860 436 894 non
464 860 654 901 mutatur.

173 918 385 960 Carbonas
411 920 641 960 ammoniae
683 919 780 961 duas
821 920 979 972 priores
1022 917 1253 959 carbonatis

92 991 94 993 '
114 987 300 1041 potassae
313 1000 381 1028 aut
398 987 516 1029 sodae
532 989 804 1042 proprietates
819 990 939 1029 etiam
963 987 1162 1040 possidet,
1187 986 1210 1026 s
1205 986 1254 1027 ed

115 1068 212 1111 post
242 1059 579 1110 evaporationem
607 1060 633 1099 fi
663 1059 861 1097 refiduum
891 1055 1006 1096 calce
1034 1067 1254 1104 tractatur,

116 1127 318 1167 ammonia
347 1128 597 1180 expellitur,
630 1124 758 1166 odore
796 1124 994 1180 peculiari
1021 1124 1104 1165 sese
1129 1127 1254 1166 mani-

116 1196 281 1237 festans.
819 1211 822 1214 ⁴

174 1263 270 1304 Hoc
289 1274 463 1316 ‘quoque
490 1264 625 1302 omnia
651 1263 806 1304 faciunt
830 1267 1055 1306 ammoniae
1084 1266 1194 1308 salia.
1236 1319 1238 1322 v

174 1333 366 1374 Secundo
395 1335 501 1373 inter
528 1345 704 1386 corpora
733 1333 831 1374 haec
861 1334 991 1376 soluta
1022 1335 1147 1376 solida
1162 1349 1255 1390 per-

119 1404 248 1445 tinent
276 1402 479 1456 sulphates
506 1403 546 1443 in
571 1414 747 1458 genere,
778 1406 847 1456 qui
874 1417 948 1457 per
969 1408 1155 1448 nitratem
1183 1418 1252 1450 aut

123 1473 481 1526 hydrochloratem
536 1472 703 1524 barytae
743 1477 1089 1528 praecipitantur,
1143 1476 1256 1530 quod

121 1544 430 1598 praecipitatum
445 1572 458 1592 ‚
489 1541 629 1583 addito
645 1543 787 1594 acido,
810 1557 892 1586 non
906 1547 1051 1588 iterum
1068 1547 1251 1588 solvitur.

178 1613 323 1653 Tertio
352 1613 541 1652 nitratum
572 1623 792 1655 terreorum
818 1627 859 1655 et
885 1615 1183 1658 metallieorum
1209 1620 1253 1668 in

123 1696 271 1739 genere
311 1681 534 1735 praesentia
575 1683 775 1723 indicatur
825 1683 959 1725 addita
995 1688 1177 1738 potasset,
1223 1689 1252 1730 fi

123 1766 219 1795 tunc
247 1752 556 1806 praecipitatum
573 1754 728 1803 oritur,
760 1765 827 1802 et,
851 1754 933 1796 hoc
962 1755 1171 1809 separato,
1203 1757 1254 1799 li·

123 1825 263 1877 quoris
289 1822 504 1874 superstitis
534 1833 752 1879 contenta,
789 1827 1080 1876 evaporatione
1105 1826 1155 1867 ad
1182 1829 1254 1869 fic-

122 1894 287 1933 citatem
316 1892 503 1942 redacta,
537 1892 733 1934 flammam
763 1890 924 1947 augent.
1228 1939 1233 1949 ¹

181 1960 341 2016 Quarto
366 1961 698 2014 hydrochlorates
721 1965 762 2004 in
788 1977 935 2019 genere
963 1978 1038 2018 per
1064 1968 1251 2008 nitratem

123 2032 278 2086 argenti
308 2033 623 2087 praecipitantur
660 2033 802 2075 colore
832 2033 951 2084 albo,
994 2036 1107 2089 quod
1140 2050 1253 2090 prae-

125 2104 335 2155 cipitatum
363 2114 435 2155 per
469 2105 709 2159 ammoniam
741 2106 938 2156 omnino,
983 2119 1057 2161 per
1093 2107 1251 2149 acidum

108 2173 314 2228 ‘uitricum
342 2184 423 2214 non
453 2168 630 2227 solyitnr.

637 2243 670 2296 ,Β
703 2256 727 2285 2
860 2283 862 2286 ψ
1124 2245 1255 2305 Quiq-
