1513 2734
54 876 286 985 Quintus
315 919 542 974 Septimius
569 917 744 961 Florens
767 919 1074 968 Tertullianus,
1112 920 1195 962 saei

50 985 151 1032 culo
180 990 368 1032 secundo.
388 990 473 1031 fere
500 991 637 1031 medio
667 989 922 1046 Carthagine
944 1005 1090 1041 nanis,
1132 993 1194 1033 in·

52 1071 113 1101 ter
156 1060 293 1101 Patres
336 1058 647 1101 Ecclesiasticus
677 1061 828 1101 ›multis
871 1063 1108 1104 nominibus
1135 1063 1197 1103 in-

54 1129 205 1184 fignem
234 1141 376 1171 nactus
401 1141 463 1169 est
489 1129 618 1171 famae
660 1131 955 1173 celebritatem.
995 1152 997 1155 ·
1027 1131 1196 1173 Emine-

55 1200 124 1240 bat
161 1201 271 1241 enim
311 1199 476 1252 prorsus
498 1199 782 1256 >fingularibus
810 1203 963 1257 ingenii
989 1204 1195 1256 animique

55 1269 250 1319 dotibus,
280 1268 525 1325 ingentique
551 1271 775 1324 praestabat
805 1272 1018 1312 doctrinae
1045 1273 1196 1326 copia,

55 1341 358 1392 atqueinvomni
390 1340 636 1395 scriptorum
667 1340 814 1394 genere
831 1353 917 1382 erat
940 1342 1195 1391 clarisfimuS.

55 1409 313 1452 Provectiori
341 1422 499 1460 aetate,
532 1422 634 1464 quae
664 1411 838 1464 ferventi
859 1412 947 1465 ejus
971 1411 1198 1464 phantasiae

54 1479 266 1533 indolique
293 1480 450 1522 severae
472 1480 707 1536 Jamdudum
736 1481 997 1521 vehementer
1032 1479 1200 1535 pl'aeue·

55 1561 115 1592 rat
132 1579 146 1600 ,
177 1550 524 1592 Montanistarum
549 1550 760 1592 doctri-nae
787 1550 922 1604 palam
949 1563 1099 1592 nomen
1130 1552 1199 1592 dea

59 1621 150 1669 dit,
180 1632 406 1672 eorumque
434 1619 619 1661 familiae
639 1631 742 1660 unus
778 1622 819 1661 in
863 1620 1004 1674 paucis
1043 1621 1200 1675 gloriae

57 1690 136 1732 fuit
163 1703 210 1731 ac
236 1689 464 1742 praefidio.·
509 1689 604 1745 Qua
644 1689 809 1742 quidem
845 1688 1114 1731 Montanismi
1141 1691 1199 1732 la-

62 1761 114 1800 be
155 1758 272 1800 illum
314 1758 353 1798 se
377 1758 668 1813 afficipassum
698 1758 848 1808 fuisse,
889 1760 1110 1814 aegerrime
1137 1758 1197 1801 fe·

59 1829 200 1869 rebant
241 1827 520 1880 orthodoxi..
556 1826 644 1868 ,vel
688 1829 742 1870 fic
785 1839 918 1869 tamen
959 1827 1201 1870 Tertulliani

60 1899 167 1952 apud
187 1899 263 1940 hos
293 1897 403 1952 ipsos
432 1909 537 1940 tanta
569 1898 646 1939 fuit
676 1899 955 1948 existimatio,
1001 1910 1045 1940 ut
1087 1912 1203 1952 prae-

59 1967 281 2008 stantissimi
309 1968 460 2020 quique
488 1968 529 2007 in
557 1968 727 2010 ecclesa
755 1967 902 2009 Latina
930 1967 1069 2008 Patres
1113 1970 1202 2024 ejus

61 2039 208 2091 scripta
249 2036 387 2078 sedulo
430 2018 700 2088 lectitarent,
736 2038 857 2092 seque
893 2038 944 2079 ad
986 2051 1079 2079 eum
1121 2051 1201 2081 tam

60 2108 234 2149 studiose
274 2106 571 2162 diligenterque
617 2108 951 2156 conformarent,
999 2118 1043 2149 ut
1070 2108 1200 2162 ipsum

63 2179 164 2220 adeo
213 2178 299 2231 ejus
355 2175 488 2219 stilum
539 2191 785 2232 omnemque
835 2179 1013 2234 linguam
1057 2179 1206 2219 imitari

98 2242 102 2247 ’
578 2247 615 2287 A
650 2263 674 2288 2
970 2268 973 2271 -
1099 2247 1208 2288 sum-
