1513 2734
706 99 998 201 (κγ’

242 285 415 335 discerni
439 283 533 324 nota
559 282 742 322 videntur
769 295 815 322 ac
859 278 1073 334 dignosci,
1121 287 1329 319 accuratae
1345 306 1358 328 ‚

238 366 441 408 lucernam
472 365 617 406 olentis
646 364 1077 414 lucubrationemque,
1122 361 1358 411 doctrinae,

236 451 313 503 qua
339 449 521 497 affluant,
553 447 670 500 copiti
699 457 739 485 et
767 445 963 485 ubertate.

293 530 443 571 Verum
479 530 694 569 divinarum
724 526 910 566 scientiae
954 537 1112 574 rerum,
1157 523 1359 565 indefesso

234 613 412 666 quamvis
451 611 589 651 labore
625 609 837 661 multisque
878 607 1029 662 vigiliis
1068 617 1354 660 comparatae,

231 692 369 733 nescio
399 692 496 745 quid
525 703 652 731 tamen
671 720 683 740 ,
724 690 845 747 idque
880 702 1171 745 permagnum,
1214 687 1280 729 vel
1305 686 1357 729 ad
1386 736 1389 737 ⁷

163 777 167 780 ’
228 775 432 815 doctrinae
460 774 664 814 veritatem
693 769 829 814 deesse
865 772 1053 823 videtur,
1096 771 1162 813 vel
1201 771 1251 812 ad
1279 771 1359 811 uti-

228 856 351 897 litatis
377 856 546 896 deficere
572 855 779 904 fructum;
810 856 960 896 rectrix
981 854 1050 894 nifi
1075 854 1172 896 adsit
1199 867 1246 895 ac
1283 866 1357 908 gu-

225 938 424 979 bernatrix
467 937 563 986 illa,
606 950 707 990 quae
743 937 855 978 sanae
895 937 1112 978 eruditioni
1153 947 1357 989 nunquam

226 1032 307 1072 non
337 1032 471 1060 comes
498 1020 706 1070 adhaeret,
743 1019 958 1060 modestia.
1018 1018 1122 1059 Eam
1146 1018 1241 1059 dico
1267 1031 1357 1059 mo-

226 1102 417 1151 destiam,
449 1113 548 1154 quae
577 1114 668 1142 cum
699 1113 740 1142 et
770 1102 858 1142 suae
892 1102 963 1143 fibi
993 1102 1196 1142 tenuitatis
1223 1099 1357 1154 probe

229 1184 388 1225 conscia
420 1183 492 1232 fit,
535 1197 666 1236 neque
695 1195 899 1224 arctorum
927 1196 1103 1237 unquam
1143 1184 1356 1223 immemor

228 1265 390 1313 finium,
422 1279 524 1318 quos
551 1266 728 1307 humano
760 1265 967 1307 constituit
995 1267 1160 1321 ingenio
1189 1265 1356 1305 rationi-

229 1360 306 1402 que
345 1360 505 1398 namra,
554 1348 652 1390 scire
692 1362 768 1390 nos
810 1361 939 1402 pauca
979 1348 1127 1402 posse,
1169 1347 1355 1388 admirari

227 1430 424 1483 permulta
474 1431 647 1481 debere,
706 1444 814 1472 omm
872 1442 1054 1484 tempore
1107 1430 1352 1471 recordetur.

228 1510 479 1566 Theologiae
528 1515 634 1554 enim
685 1512 774 1556 Dei
826 1506 1031 1569 cognitio*
1053 1514 1259 1569 proposita
1293 1522 1355 1567 est
1396 1526 1398 1528 ·

226 1594 489 1644 immortalis,
527 1596 640 1650 cujus
670 1608 791 1637 nemo
817 1609 992 1650 unquam
1033 1595 1352 1649 comprehende-

226 1688 269 1714 re
295 1688 472 1717 naturam
492 1708 504 1725 ‚
554 1679 747 1732 cujusque
775 1678 901 1719 veluti
928 1678 1094 1732 peplum
1123 1691 1173 1734 ne
1199 1679 1352 1735 sapien·

227 1759 398 1799 tisfimus
429 1760 587 1813 quidem
625 1761 859 1802 mortalium
899 1773 1079 1817 retegere
1117 1762 1253 1814 potuit
1280 1773 1351 1800 ne-

227 1853 303 1893 que
335 1843 502 1894 aperire.
562 1841 667 1884 Huic
694 1845 817 1898 igitur
845 1843 1081 1896 disciplinae
1109 1843 1232 1898 longe
1261 1855 1350 1898 gra-

225 1923 428 1973 visfimae‚
478 1924 599 1977 pudet
647 1926 824 1975 referre,
869 1938 1058 1979 quantum
1108 1925 1172 1966 vel
1216 1924 1348 1966 damni

226 2005 410 2046 conflzirit
438 2006 500 2046 vel
532 2007 741 2058 infamiae,
774 2020 940 2058 eorum,
966 2009 1036 2062 qui
1065 2007 1168 2048 nihil
1194 2007 1266 2049 fibi
1287 1996 1347 2048 ar-

225 2086 344 2126 duum
381 2089 462 2128 esse
489 2101 671 2140 putarent
701 2103 767 2132 aut
807 2089 1086 2140 inaccessum,
1125 2089 1346 2130 malesano-

222 2181 308 2210 rum
338 2169 543 2212 hominum
571 2174 719 2215 vanitas
748 2185 789 2215 et
820 2173 1058 2230 arrogantia.
1133 2171 1227 2229 Qua
1256 2174 1346 2227 qui-

1252 2255 1344 2296 dem
