<?xml version="1.0" encoding="UTF-8"?>
<!DOCTYPE html PUBLIC "-//W3C//DTD XHTML 1.0 Transitional//EN"
    "http://www.w3.org/TR/xhtml1/DTD/xhtml1-transitional.dtd">
<html xmlns="http://www.w3.org/1999/xhtml" xml:lang="en" lang="en">
 <head>
  <title>
</title>
<meta http-equiv="Content-Type" content="text/html;charset=utf-8" />
  <meta name='ocr-system' content='tesseract 3.04.00' />
  <meta name='ocr-capabilities' content='ocr_page ocr_carea ocr_par ocr_line ocrx_word'/>
</head>
<body>
  <div class='ocr_page' id='page_1' title='image "annalesacademiae23acad_0063.png"; bbox 0 0 1513 2734; ppageno 0'>
   <div class='ocr_carea' id='block_1_1' title="bbox 588 161 810 222">
    <p class='ocr_par' dir='ltr' id='par_1_1' title="bbox 588 161 810 222">
     <span class='ocr_line' id='line_1_1' title="bbox 588 161 810 222; baseline -0.014 0"><span class='ocrx_word' id='word_1_1' title='bbox 588 161 810 222; x_wconf 64' lang='grc' dir='ltr'>(Μ)</span> 
     </span>
    </p>
   </div>
   <div class='ocr_carea' id='block_1_2' title="bbox 81 296 1268 2239">
    <p class='ocr_par' dir='ltr' id='par_1_2' title="bbox 127 296 1268 1345">
     <span class='ocr_line' id='line_1_2' title="bbox 142 296 1259 357; baseline -0.002 -11"><span class='ocrx_word' id='word_1_2' title='bbox 142 307 235 346; x_wconf 84' lang='lat' dir='ltr'>tiam</span> <span class='ocrx_word' id='word_1_3' title='bbox 262 315 379 357; x_wconf 83' lang='lat' dir='ltr'>atque</span> <span class='ocrx_word' id='word_1_4' title='bbox 407 303 606 345; x_wconf 85' lang='lat' dir='ltr'>audaciam</span> <span class='ocrx_word' id='word_1_5' title='bbox 624 334 637 355; x_wconf 82' lang='lat'><strong>‚</strong></span> <span class='ocrx_word' id='word_1_6' title='bbox 668 315 735 346; x_wconf 84' lang='lat' dir='ltr'>aut</span> <span class='ocrx_word' id='word_1_7' title='bbox 762 305 802 344; x_wconf 90' lang='lat' dir='ltr'>in</span> <span class='ocrx_word' id='word_1_8' title='bbox 830 296 1016 344; x_wconf 82' lang='lat' dir='ltr'>invidiam</span> <span class='ocrx_word' id='word_1_9' title='bbox 1055 300 1259 352; x_wconf 63' lang='lat' dir='ltr'>trahatur,</span> 
     </span>
     <span class='ocr_line' id='line_1_3' title="bbox 140 382 1261 428; baseline -0.004 0"><span class='ocrx_word' id='word_1_10' title='bbox 140 399 208 428; x_wconf 84' lang='lat' dir='ltr'>aut</span> <span class='ocrx_word' id='word_1_11' title='bbox 235 388 275 427; x_wconf 91' lang='lat' dir='ltr'>in</span> <span class='ocrx_word' id='word_1_12' title='bbox 297 387 508 427; x_wconf 86' lang='lat' dir='ltr'>discrimen</span> <span class='ocrx_word' id='word_1_13' title='bbox 534 387 775 428; x_wconf 82' lang='lat' dir='ltr'>adducatur!</span> <span class='ocrx_word' id='word_1_14' title='bbox 821 384 1067 426; x_wconf 84' lang='lat' dir='ltr'>Libertatem</span> <span class='ocrx_word' id='word_1_15' title='bbox 1097 383 1203 424; x_wconf 90' lang='lat' dir='ltr'>enim</span> <span class='ocrx_word' id='word_1_16' title='bbox 1233 382 1261 425; x_wconf 86' lang='lat' dir='ltr'>fi</span> 
     </span>
     <span class='ocr_line' id='line_1_4' title="bbox 139 460 1264 521; baseline -0.004 -11"><span class='ocrx_word' id='word_1_17' title='bbox 139 479 298 510; x_wconf 83' lang='lat' dir='ltr'>nostrae</span> <span class='ocrx_word' id='word_1_18' title='bbox 340 469 579 510; x_wconf 80' lang='lat' dir='ltr'>subtraxeris</span> <span class='ocrx_word' id='word_1_19' title='bbox 604 469 838 518; x_wconf 83' lang='lat' dir='ltr'>doctrinae,</span> <span class='ocrx_word' id='word_1_20' title='bbox 883 479 983 521; x_wconf 84' lang='lat' dir='ltr'>quae</span> <span class='ocrx_word' id='word_1_21' title='bbox 1023 460 1264 520; x_wconf 82' lang='lat' dir='ltr'>relinquitur</span> 
     </span>
     <span class='ocr_line' id='line_1_5' title="bbox 134 536 1264 605; baseline -0.004 -13"><span class='ocrx_word' id='word_1_22' title='bbox 134 536 378 605; x_wconf 84' lang='lat' dir='ltr'>disciplinae</span> <span class='ocrx_word' id='word_1_23' title='bbox 407 550 522 591; x_wconf 83' lang='lat' dir='ltr'>exilis</span> <span class='ocrx_word' id='word_1_24' title='bbox 543 551 683 593; x_wconf 87' lang='lat' dir='ltr'>umbra</span> <span class='ocrx_word' id='word_1_25' title='bbox 709 562 748 592; x_wconf 90' lang='lat' dir='ltr'>et</span> <span class='ocrx_word' id='word_1_26' title='bbox 773 552 1062 598; x_wconf 81' lang='lat' dir='ltr'>intermortua,</span> <span class='ocrx_word' id='word_1_27' title='bbox 1108 550 1184 590; x_wconf 85' lang='lat' dir='ltr'>five</span> <span class='ocrx_word' id='word_1_28' title='bbox 1215 545 1264 587; x_wconf 91' lang='lat' dir='ltr'>il-</span> 
     </span>
     <span class='ocr_line' id='line_1_6' title="bbox 140 630 1264 686; baseline -0.003 -13"><span class='ocrx_word' id='word_1_29' title='bbox 140 632 179 673; x_wconf 85' lang='lat' dir='ltr'>la</span> <span class='ocrx_word' id='word_1_30' title='bbox 233 633 489 686; x_wconf 82' lang='lat' dir='ltr'>politicarum</span> <span class='ocrx_word' id='word_1_31' title='bbox 526 634 672 675; x_wconf 84' lang='lat' dir='ltr'>ancilla</span> <span class='ocrx_word' id='word_1_32' title='bbox 712 635 911 675; x_wconf 83' lang='lat' dir='ltr'>rationum</span> <span class='ocrx_word' id='word_1_33' title='bbox 953 630 1134 673; x_wconf 86' lang='lat' dir='ltr'>vocanda</span> <span class='ocrx_word' id='word_1_34' title='bbox 1188 630 1264 680; x_wconf 81' lang='lat' dir='ltr'>fit,</span> 
     </span>
     <span class='ocr_line' id='line_1_7' title="bbox 141 711 1264 766; baseline -0.003 -11"><span class='ocrx_word' id='word_1_35' title='bbox 141 714 208 755; x_wconf 89' lang='lat' dir='ltr'>seu</span> <span class='ocrx_word' id='word_1_36' title='bbox 237 714 520 756; x_wconf 90' lang='lat' dir='ltr'>Conciliorum</span> <span class='ocrx_word' id='word_1_37' title='bbox 560 717 763 766; x_wconf 78' lang='lat' dir='ltr'>ministra,</span> <span class='ocrx_word' id='word_1_38' title='bbox 811 716 887 757; x_wconf 89' lang='lat' dir='ltr'>five</span> <span class='ocrx_word' id='word_1_39' title='bbox 914 713 1131 756; x_wconf 83' lang='lat' dir='ltr'>horrendae</span> <span class='ocrx_word' id='word_1_40' title='bbox 1160 711 1264 753; x_wconf 78' lang='lat' dir='ltr'>adeo</span> 
     </span>
     <span class='ocr_line' id='line_1_8' title="bbox 141 795 1268 852; baseline -0.004 -15"><span class='ocrx_word' id='word_1_41' title='bbox 141 797 378 850; x_wconf 86' lang='lat' dir='ltr'>pedissequa</span> <span class='ocrx_word' id='word_1_42' title='bbox 417 795 735 852; x_wconf 75' lang='lat' dir='ltr'>Inquisitiont‘55</span> <span class='ocrx_word' id='word_1_43' title='bbox 765 795 803 837; x_wconf 88' lang='lat' dir='ltr'><em>T</em></span> <span class='ocrx_word' id='word_1_44' title='bbox 799 795 1012 851; x_wconf 74' lang='lat' dir='ltr'>heologiae</span> <span class='ocrx_word' id='word_1_45' title='bbox 1041 806 1150 836; x_wconf 87' lang='lat' dir='ltr'>certe</span> <span class='ocrx_word' id='word_1_46' title='bbox 1190 807 1268 834; x_wconf 86' lang='lat' dir='ltr'>no-</span> 
     </span>
     <span class='ocr_line' id='line_1_9' title="bbox 140 875 1264 933; baseline -0.004 -12"><span class='ocrx_word' id='word_1_47' title='bbox 140 881 246 921; x_wconf 87' lang='lat' dir='ltr'>mine</span> <span class='ocrx_word' id='word_1_48' title='bbox 272 891 331 920; x_wconf 86' lang='lat' dir='ltr'>est</span> <span class='ocrx_word' id='word_1_49' title='bbox 355 879 598 933; x_wconf 72' lang='lat' dir='ltr'>amplissimo</span> <span class='ocrx_word' id='word_1_50' title='bbox 627 880 790 920; x_wconf 88' lang='lat' dir='ltr'>minime</span> <span class='ocrx_word' id='word_1_51' title='bbox 820 878 1001 919; x_wconf 85' lang='lat' dir='ltr'>dicenda.</span> <span class='ocrx_word' id='word_1_52' title='bbox 1075 875 1121 917; x_wconf 94' lang='lat' dir='ltr'>In</span> <span class='ocrx_word' id='word_1_53' title='bbox 1149 876 1264 930; x_wconf 80' lang='lat' dir='ltr'>cujus</span> 
     </span>
     <span class='ocr_line' id='line_1_10' title="bbox 139 958 1264 1015; baseline -0.003 -13"><span class='ocrx_word' id='word_1_54' title='bbox 139 963 313 1002; x_wconf 86' lang='lat' dir='ltr'>nominis</span> <span class='ocrx_word' id='word_1_55' title='bbox 351 962 548 1003; x_wconf 90' lang='lat' dir='ltr'>honorem</span> <span class='ocrx_word' id='word_1_56' title='bbox 589 961 684 1011; x_wconf 82' lang='lat' dir='ltr'>illa,</span> <span class='ocrx_word' id='word_1_57' title='bbox 728 974 854 1015; x_wconf 85' lang='lat' dir='ltr'>eaque</span> <span class='ocrx_word' id='word_1_58' title='bbox 883 960 965 1001; x_wconf 87' lang='lat' dir='ltr'>sola</span> <span class='ocrx_word' id='word_1_59' title='bbox 992 969 1052 999; x_wconf 88' lang='lat' dir='ltr'>est</span> <span class='ocrx_word' id='word_1_60' title='bbox 1080 958 1264 999; x_wconf 85' lang='lat' dir='ltr'>doctrina</span> 
     </span>
     <span class='ocr_line' id='line_1_11' title="bbox 139 1039 1266 1097; baseline -0.004 -13"><span class='ocrx_word' id='word_1_61' title='bbox 139 1044 407 1094; x_wconf 76' lang='lat' dir='ltr'>admittendas,</span> <span class='ocrx_word' id='word_1_62' title='bbox 440 1057 568 1097; x_wconf 78' lang='lat' dir='ltr'>quae,</span> <span class='ocrx_word' id='word_1_63' title='bbox 598 1044 711 1084; x_wconf 90' lang='lat' dir='ltr'>nullo</span> <span class='ocrx_word' id='word_1_64' title='bbox 736 1043 970 1084; x_wconf 89' lang='lat' dir='ltr'>hominibus</span> <span class='ocrx_word' id='word_1_65' title='bbox 994 1054 1043 1082; x_wconf 90' lang='lat' dir='ltr'>ne</span> <span class='ocrx_word' id='word_1_66' title='bbox 1073 1039 1266 1093; x_wconf 86' lang='lat' dir='ltr'>displice-</span> 
     </span>
     <span class='ocr_line' id='line_1_12' title="bbox 141 1124 1265 1179; baseline -0.004 -12"><span class='ocrx_word' id='word_1_67' title='bbox 141 1137 181 1167; x_wconf 83' lang='lat' dir='ltr'>at</span> <span class='ocrx_word' id='word_1_68' title='bbox 223 1138 330 1166; x_wconf 88' lang='lat' dir='ltr'>metu</span> <span class='ocrx_word' id='word_1_69' title='bbox 369 1126 551 1179; x_wconf 84' lang='lat' dir='ltr'>dejecta,</span> <span class='ocrx_word' id='word_1_70' title='bbox 595 1137 663 1166; x_wconf 83' lang='lat' dir='ltr'>aut</span> <span class='ocrx_word' id='word_1_71' title='bbox 692 1125 889 1174; x_wconf 82' lang='lat' dir='ltr'>infracta,</span> <span class='ocrx_word' id='word_1_72' title='bbox 927 1124 1082 1164; x_wconf 87' lang='lat' dir='ltr'>divinae</span> <span class='ocrx_word' id='word_1_73' title='bbox 1110 1133 1265 1163; x_wconf 85' lang='lat' dir='ltr'>tantum</span> 
     </span>
     <span class='ocr_line' id='line_1_13' title="bbox 127 1205 1267 1263; baseline -0.004 -15"><span class='ocrx_word' id='word_1_74' title='bbox 127 1205 239 1263; x_wconf 72' lang='lat' dir='ltr'>jesu</span> <span class='ocrx_word' id='word_1_75' title='bbox 268 1206 433 1257; x_wconf 77' lang='lat' dir='ltr'>Christi</span> <span class='ocrx_word' id='word_1_76' title='bbox 461 1208 691 1248; x_wconf 84' lang='lat' dir='ltr'>auctoritati</span> <span class='ocrx_word' id='word_1_77' title='bbox 719 1205 757 1246; x_wconf 91' lang='lat' dir='ltr'>se</span> <span class='ocrx_word' id='word_1_78' title='bbox 787 1205 931 1258; x_wconf 86' lang='lat' dir='ltr'>suaque</span> <span class='ocrx_word' id='word_1_79' title='bbox 961 1206 1096 1246; x_wconf 83' lang='lat' dir='ltr'>omnia</span> <span class='ocrx_word' id='word_1_80' title='bbox 1124 1216 1165 1245; x_wconf 89' lang='lat' dir='ltr'>et</span> <span class='ocrx_word' id='word_1_81' title='bbox 1193 1217 1267 1245; x_wconf 87' lang='lat' dir='ltr'>co-</span> 
     </span>
     <span class='ocr_line' id='line_1_14' title="bbox 140 1286 1267 1345; baseline -0.003 -15"><span class='ocrx_word' id='word_1_82' title='bbox 140 1291 266 1345; x_wconf 83' lang='lat' dir='ltr'>gitata</span> <span class='ocrx_word' id='word_1_83' title='bbox 291 1287 294 1294; x_wconf 86' lang='grc'><em>“</em></span> <span class='ocrx_word' id='word_1_84' title='bbox 318 1300 359 1330; x_wconf 87' lang='lat' dir='ltr'>et</span> <span class='ocrx_word' id='word_1_85' title='bbox 405 1290 565 1330; x_wconf 84' lang='lat' dir='ltr'>inventa</span> <span class='ocrx_word' id='word_1_86' title='bbox 604 1288 811 1343; x_wconf 83' lang='lat' dir='ltr'>probanda</span> <span class='ocrx_word' id='word_1_87' title='bbox 853 1287 978 1329; x_wconf 86' lang='lat' dir='ltr'>tradat</span> <span class='ocrx_word' id='word_1_88' title='bbox 1022 1300 1069 1329; x_wconf 84' lang='lat' dir='ltr'>ac</span> <span class='ocrx_word' id='word_1_89' title='bbox 1119 1286 1267 1341; x_wconf 83' lang='lat' dir='ltr'>dijudi-</span> 
     </span>
    </p>

    <p class='ocr_par' dir='ltr' id='par_1_3' title="bbox 81 1371 1265 2239">
     <span class='ocr_line' id='line_1_15' title="bbox 133 1371 288 1414; baseline 0.006 -1"><span class='ocrx_word' id='word_1_90' title='bbox 133 1371 288 1414; x_wconf 68' lang='lat' dir='ltr'>&#39;candal</span> 
     </span>
     <span class='ocr_line' id='line_1_16' title="bbox 193 1452 1265 1510; baseline -0.002 -14"><span class='ocrx_word' id='word_1_91' title='bbox 193 1454 346 1496; x_wconf 89' lang='lat' dir='ltr'>Verum</span> <span class='ocrx_word' id='word_1_92' title='bbox 386 1464 516 1509; x_wconf 90' lang='lat' dir='ltr'>neque</span> <span class='ocrx_word' id='word_1_93' title='bbox 557 1452 663 1497; x_wconf 80' lang='lat' dir='ltr'>haec&#39;</span> <span class='ocrx_word' id='word_1_94' title='bbox 698 1454 983 1510; x_wconf 82' lang='lat' dir='ltr'>Theologiae,</span> <span class='ocrx_word' id='word_1_95' title='bbox 1024 1464 1156 1495; x_wconf 87' lang='lat' dir='ltr'>rectae</span> <span class='ocrx_word' id='word_1_96' title='bbox 1195 1452 1265 1506; x_wconf 81' lang='lat' dir='ltr'>¹illi</span> 
     </span>
     <span class='ocr_line' id='line_1_17' title="bbox 135 1536 1261 1592; baseline -0.003 -13"><span class='ocrx_word' id='word_1_97' title='bbox 135 1551 183 1579; x_wconf 83' lang='lat' dir='ltr'>ac</span> <span class='ocrx_word' id='word_1_98' title='bbox 225 1537 363 1587; x_wconf 74' lang='lat' dir='ltr'>sanae,</span> <span class='ocrx_word' id='word_1_99' title='bbox 405 1538 454 1579; x_wconf 87' lang='lat' dir='ltr'>ad</span> <span class='ocrx_word' id='word_1_100' title='bbox 495 1538 595 1579; x_wconf 82' lang='lat' dir='ltr'>hanc</span> <span class='ocrx_word' id='word_1_101' title='bbox 624 1539 873 1592; x_wconf 57' lang='lat' dir='ltr'>potissmium</span> <span class='ocrx_word' id='word_1_102' title='bbox 901 1536 1153 1578; x_wconf 85' lang='lat' dir='ltr'>incolendam</span> <span class='ocrx_word' id='word_1_103' title='bbox 1183 1549 1261 1578; x_wconf 89' lang='lat' dir='ltr'>ter-</span> 
     </span>
     <span class='ocr_line' id='line_1_18' title="bbox 135 1620 1261 1673; baseline 0 -12"><span class='ocrx_word' id='word_1_104' title='bbox 135 1633 217 1661; x_wconf 84' lang='lat' dir='ltr'>ram</span> <span class='ocrx_word' id='word_1_105' title='bbox 234 1650 246 1670; x_wconf 87' lang='lat'>‚</span> <span class='ocrx_word' id='word_1_106' title='bbox 277 1620 366 1662; x_wconf 90' lang='lat' dir='ltr'>leve</span> <span class='ocrx_word' id='word_1_107' title='bbox 395 1621 529 1662; x_wconf 88' lang='lat' dir='ltr'>facere</span> <span class='ocrx_word' id='word_1_108' title='bbox 556 1632 802 1662; x_wconf 86' lang='lat' dir='ltr'>momentum</span> <span class='ocrx_word' id='word_1_109' title='bbox 837 1621 1052 1668; x_wconf 77' lang='lat' dir='ltr'>videntur,</span> <span class='ocrx_word' id='word_1_110' title='bbox 1083 1620 1194 1673; x_wconf 89' lang='lat' dir='ltr'>quod</span> <span class='ocrx_word' id='word_1_111' title='bbox 1218 1629 1261 1661; x_wconf 86' lang='lat' dir='ltr'>et</span> 
     </span>
     <span class='ocr_line' id='line_1_19' title="bbox 135 1703 1259 1758; baseline -0.001 -14"><span class='ocrx_word' id='word_1_112' title='bbox 135 1703 338 1756; x_wconf 86' lang='lat' dir='ltr'>aequabili</span> <span class='ocrx_word' id='word_1_113' title='bbox 382 1705 422 1743; x_wconf 90' lang='lat' dir='ltr'>in</span> <span class='ocrx_word' id='word_1_114' title='bbox 447 1703 516 1745; x_wconf 69' lang='lat' dir='ltr'>illa</span> <span class='ocrx_word' id='word_1_115' title='bbox 558 1715 723 1745; x_wconf 87' lang='lat' dir='ltr'>utuntur</span> <span class='ocrx_word' id='word_1_116' title='bbox 759 1717 805 1744; x_wconf 81' lang='lat' dir='ltr'>ac</span> <span class='ocrx_word' id='word_1_117' title='bbox 848 1705 933 1757; x_wconf 82' lang='lat' dir='ltr'>pari</span> <span class='ocrx_word' id='word_1_118' title='bbox 971 1704 1059 1758; x_wconf 88' lang='lat' dir='ltr'>jure</span> <span class='ocrx_word' id='word_1_119' title='bbox 1089 1715 1259 1752; x_wconf 90' lang='lat' dir='ltr'>omnes,</span> 
     </span>
     <span class='ocr_line' id='line_1_20' title="bbox 136 1785 1263 1840; baseline -0.001 -13"><span class='ocrx_word' id='word_1_120' title='bbox 136 1798 464 1840; x_wconf 84' lang='lat' dir='ltr'>quarumcunque</span> <span class='ocrx_word' id='word_1_121' title='bbox 505 1789 578 1828; x_wconf 87' lang='lat' dir='ltr'>fint</span> <span class='ocrx_word' id='word_1_122' title='bbox 612 1788 812 1840; x_wconf 84' lang='lat' dir='ltr'>partium,</span> <span class='ocrx_word' id='word_1_123' title='bbox 858 1786 1104 1836; x_wconf 88' lang='lat' dir='ltr'>Christiani:,</span> <span class='ocrx_word' id='word_1_124' title='bbox 1149 1797 1189 1826; x_wconf 87' lang='lat' dir='ltr'>et</span> <span class='ocrx_word' id='word_1_125' title='bbox 1230 1785 1263 1826; x_wconf 79' lang='lat' dir='ltr'>il</span> 
     </span>
     <span class='ocr_line' id='line_1_21' title="bbox 133 1867 1260 1925; baseline -0.003 -15"><span class='ocrx_word' id='word_1_126' title='bbox 133 1869 314 1919; x_wconf 86' lang='lat' dir='ltr'>ibidem,</span> <span class='ocrx_word' id='word_1_127' title='bbox 369 1870 438 1923; x_wconf 93' lang='lat' dir='ltr'>qui</span> <span class='ocrx_word' id='word_1_128' title='bbox 479 1868 808 1925; x_wconf 69' lang='lat' dir='ltr'>Protestantium</span> <span class='ocrx_word' id='word_1_129' title='bbox 849 1871 966 1911; x_wconf 87' lang='lat' dir='ltr'>variis</span> <span class='ocrx_word' id='word_1_130' title='bbox 1010 1868 1097 1910; x_wconf 89' lang='lat' dir='ltr'>sunt</span> <span class='ocrx_word' id='word_1_131' title='bbox 1140 1867 1260 1908; x_wconf 83' lang='lat' dir='ltr'>sacris</span> 
     </span>
     <span class='ocr_line' id='line_1_22' title="bbox 136 1951 1259 2005; baseline -0.002 -13"><span class='ocrx_word' id='word_1_132' title='bbox 136 1952 314 2002; x_wconf 89' lang='lat' dir='ltr'>addicti,</span> <span class='ocrx_word' id='word_1_133' title='bbox 359 1952 472 2005; x_wconf 83' lang='lat' dir='ltr'>pacis</span> <span class='ocrx_word' id='word_1_134' title='bbox 515 1954 651 1993; x_wconf 90' lang='lat' dir='ltr'>cuncti</span> <span class='ocrx_word' id='word_1_135' title='bbox 696 1953 800 1993; x_wconf 88' lang='lat' dir='ltr'>inter</span> <span class='ocrx_word' id='word_1_136' title='bbox 825 1951 905 1993; x_wconf 87' lang='lat' dir='ltr'>sese</span> <span class='ocrx_word' id='word_1_137' title='bbox 934 1951 1259 2003; x_wconf 81' lang='lat' dir='ltr'>concordiaeque</span> 
     </span>
     <span class='ocr_line' id='line_1_23' title="bbox 81 2033 1260 2090; baseline 0 -16"><span class='ocrx_word' id='word_1_138' title='bbox 81 2060 84 2063; x_wconf 93' lang='lat'><em>-</em></span> <span class='ocrx_word' id='word_1_139' title='bbox 137 2033 303 2075; x_wconf 90' lang='lat' dir='ltr'>vinculo</span> <span class='ocrx_word' id='word_1_140' title='bbox 334 2035 590 2076; x_wconf 89' lang='lat' dir='ltr'>continentur</span> <span class='ocrx_word' id='word_1_141' title='bbox 612 2048 658 2075; x_wconf 88' lang='lat' dir='ltr'>ac</span> <span class='ocrx_word' id='word_1_142' title='bbox 689 2035 1000 2090; x_wconf 84' lang='lat' dir='ltr'>conjunguntur.</span> <span class='ocrx_word' id='word_1_143' title='bbox 1074 2033 1260 2075; x_wconf 91' lang='lat' dir='ltr'>Ubicun-</span> 
     </span>
     <span class='ocr_line' id='line_1_24' title="bbox 139 2108 1262 2174; baseline -0.002 -16"><span class='ocrx_word' id='word_1_144' title='bbox 139 2129 216 2172; x_wconf 87' lang='lat' dir='ltr'>que</span> <span class='ocrx_word' id='word_1_145' title='bbox 245 2117 351 2158; x_wconf 88' lang='lat' dir='ltr'>enim</span> <span class='ocrx_word' id='word_1_146' title='bbox 381 2117 526 2171; x_wconf 86' lang='lat' dir='ltr'>dispari</span> <span class='ocrx_word' id='word_1_147' title='bbox 555 2117 670 2170; x_wconf 88' lang='lat' dir='ltr'>sunt,</span> <span class='ocrx_word' id='word_1_148' title='bbox 700 2130 831 2174; x_wconf 90' lang='lat' dir='ltr'>neque</span> <span class='ocrx_word' id='word_1_149' title='bbox 859 2130 990 2172; x_wconf 78' lang='lat' dir='ltr'>aequo</span> <span class='ocrx_word' id='word_1_150' title='bbox 1015 2117 1104 2172; x_wconf 89' lang='lat' dir='ltr'>jure</span> <span class='ocrx_word' id='word_1_151' title='bbox 1133 2108 1262 2158; x_wconf 71' lang='lat' dir='ltr'>diver‘-</span> 
     </span>
     <span class='ocr_line' id='line_1_25' title="bbox 1196 2198 1259 2239; baseline 0 0"><span class='ocrx_word' id='word_1_152' title='bbox 1196 2198 1259 2239; x_wconf 82' lang='lat' dir='ltr'>sae</span> 
     </span>
    </p>
   </div>
  </div>
 </body>
</html>
