1513 2734
593 165 815 243 (27)

134 298 386 364 vQuanquam
427 318 556 361 neque
597 319 765 349 numero
822 316 948 361 pauca
985 296 1270 356 esse‚''neque

143 393 279 445 pretio
308 391 440 441 levia,
471 403 599 444 quae,
630 391 766 431 nostra
795 388 1014 436 memoria,
1046 386 1163 441 hujus
1201 397 1273 440 ge-

144 475 251 522 neris
282 475 320 513 in
345 473 476 516 lucem
502 472 690 514 extulerit
705 472 851 526 scripta
866 470 1079 526 Belgium,
1110 468 1174 510 vel
1192 469 1274 510 hoc

145 568 234 597 uno
274 557 367 598 'satis
409 556 561 598 constat
601 567 852 611 argumento.
941 552 986 597 In
1028 552 1274 607 permagna,ss

148 642 273 693 ‘quam
303 640 498 692 proximis
544 639 605 680 his
645 640 756 680 annis
791 637 1059 692 excogitatam
1103 635 1277 676 vidimus

146 728 194 763 'ac
240 721 408 777 publice
448 722 722 775 propofitam,
782 721 1063 762 sententiarum
1116 718 1278 771 opinio·

148 817 356 858 numque,
399 817 529 845 arcem
573 804 779 845 doctrinae
823 802 1075 843 Christianae
1105 800 1280 854 petenti-

148 901 243 937 um,
287 899 327 927 et
376 887 632 929 multitudine
673 897 714 926 et
751 886 969 933 varietatez,
1014 882 1280 924 celebriorem

148 970 303 1012 nullam
333 971 537 1022 reperias,
576 983 695 1023 quam
722 981 804 1009 non
834 966 1058 1008 acutisfime
1085 964 1282 1006 refellerit

151 1052 457 1106 confutaritque
483 1051 740 1105 popularium
767 1061 999 1091 nostrorum
1032 1048 1207 1089 eruditio
1239 1050 1282 1086 et

153 1135 346 1175 industria
381 1145 423 1173 et
465 1146 578 1173 amor
612 1133 851 1186 religioni33
911 1133 989 1173 five
1033 1130 1282 1171 academicas

151 1216 350 1259 scribendi
403 1215 697 1256 dissertationes
735 1216 954 1267 arriperent
1002 1214 1283 1267 opportunita-

118 1289 262 1350 ‘tem‚
306 1297 371 1340 seu
419 1297 490 1339 suo
533 1297 669 1338 Marte
709 1296 972 1350 scriptionem
1003 1296 1281 1346 instituerent,

153 1384 220 1425 seu
263 1384 435 1436 denique
477 1395 550 1436 per
593 1383 878 1435 quaestiones,
916 1394 938 1421 a
968 1380 1186 1437 societate,
1217 1377 1283 1420 vel

152 1465 407 1508 Teilerianci
435 1465 500 1506 vel
529 1454 752 1521 Hagcm'cl,
790 1466 1043 1520 propositas,
1084 1464 1134 1504 ad
1169 1476 1283 1504 com·

106 1540 111 1554 ¹
154 1549 413 1590 mentandum
443 1548 710 1590 allicerentur.
784 1547 900 1604 Quae
927 1547 1142 1605 Belgarum
1171 1559 1287 1588 com-

113 1679 123 1686 ,
157 1633 424 1673 mentationes
453 1633 731 1683 doctisfimae,
762 1633 789 1673 fi
819 1630 1157 1685 quemadmodum
1180 1629 1287 1670 Am·-

147 1715 375 1771 stelodami
413 1726 454 1755 et
492 1713 713 1770 Trajecti,
757 1716 812 1755 ita
852 1712 1048 1755 Berolini
1086 1714 1205 1754 etiam
1245 1723 1288 1753 et

153 1796 326 1852 Lipsiae
373 1797 501 1839 lectae
545 1797 711 1839 fuissent
754 1811 801 1839 ac
842 1797 1087 1850 perpensae;
1134 1808 1288 1850 quanto

153 1891 262 1923 nunc
293 1881 504 1922 laetiorem
548 1882 756 1922 doctrinae
796 1880 1050 1922 Christianae
1084 1879 1216 1920 sedem
1245 1889 1288 1919 et

156 1961 360 2018 Borusfia
386 1965 632 2018 praebuisset
661 1976 701 2004 et
730 1963 957 2006 Saxonia!
985 1983 1030 1994 —
1059 1962 1105 2004 In
1126 1973 1292 2004 nostro*

157 2058 246 2086 rum
274 2039 435 2097 autem,
466 2040 535 2101 qui
563 2060 691 2101 nuper
728 2047 857 2088 sacrae
887 2046 1138 2100 professione
1166 2045 1288 2086 disci·

157 2128 293 2182 plinae
322 2129 606 2181 inclaruerint,
654 2129 965 2185 Theologorum
1009 2129 1194 2170 laudibus
1221 2140 1293 2170 ce-¹

158 2210 360 2255 lebrandis
389 2213 646 2268 meritisque,
678 2225 936 2269 quantoperc-
949 2225 1036 2254 mea
1059 2213 1209 2267 jactare
1230 2210 1287 2251 se-

1246 2291 1286 2333 se
