1513 2734
704 142 925 198 (78)

244 267 427 318 YY'-et
457 273 589 326 ZZ'‚
634 291 825 334 agentes,
861 281 1143 335 aequilibrium
1171 277 1378 325 constitui·-

246 359 339 398 tut,
370 348 508 388 adsunt
538 348 611 388 hae
641 351 924 390 conditiones:

357 413 404 457 P.
435 415 511 472 coſs
540 419 570 463 β
600 418 649 468 -1-
679 416 742 459 Ρ.’
774 417 850 473 cofi
881 418 932 468 β’
968 422 1018 473 4
1058 418 1145 462 P.''
1186 418 1262 475 cos·
1304 418 1376 469 β”

242 486 293 538 -1-
320 483 434 526 P.''‘
463 481 539 542 cos:
569 485 664 535 Em
694 490 745 541 -ἤ-
774 503 877 530 caet.
906 494 958 524 =
988 505 1014 531 0
1047 521 1232 532 .....
1278 489 1374 545 (2).-

268 552 274 557 “
354 553 403 596 Ρ.
432 554 507 611 cos:
538 572 580 602 γ.
611 558 660 610 -Ιῦ
690 556 758 600 Ρ.’
787 558 863 614 cof
894 558 943 605 γ’
975 561 1024 611 -1-
1054 556 1142 600 P.‘'
1183 558 1258 614 cos}
1302 556 1375 606 7''

234 625 283 676 -1-
314 622 421 666 P.'''
451 625 528 681 coſs
560 625 651 673 7“'
681 630 731 682 -Ι-
762 641 864 670 caet.
893 639 943 667 Ξ
974 644 1001 669 0
1035 661 1044 670 .
1078 656 1088 671 .-
1122 662 1131 671 .
1165 657 1175 672 ,
1220 661 1231 672 .
1276 627 1372 683 (3).

291 695 360 736 Sic
400 709 597 749 punctum
625 697 686 748 P,
731 699 841 740 nulla
875 700 914 739 in
958 700 1184 740 directione
1221 712 1365 741 move-

234 776 327 814 ωτι,
359 767 574 808 immotum
602 780 763 818 manet,
795 781 915 821 atque
944 771 984 810 in
1013 769 1258 823 aequilibrio
1280 781 1369 810 ver·

234 834 353 876 satur.
413 837 659 889 Aequilibrii
691 840 948 880 conditiones
990 841 1113 894 igitur
1156 841 1370 893 aequatio·

231 905 389 953 nibus,⁴
413 906 522 959 (Ι),
555 905 636 960 (2)
665 918 705 948 et
733 906 812 961 (3)
845 910 1118 950 continentur.

290 974 360 1014 Sin
383 987 516 1015 autem
546 978 790 1018 intenfitates
819 979 963 1018 virium
980 1008 993 1025 ‚
1040 988 1141 1031 quae
1170 979 1210 1017 in
1237 978 1368 1018 direc-

234 1044 414 1085 tionibus
442 1041 556 1095 PX,
587 1058 654 1088 aut
682 1043 800 1096 PY,
830 1059 897 1088 aut
923 1043 1007 1085 PZ
1047 1059 1200 1103 agunt,
1240 1048 1369 1102 majo-

230 1125 294 1152 res
317 1126 384 1154 aut
421 1117 596 1156 minores
625 1116 742 1178 sunt,
771 1129 890 1170 quam
918 1117 1164 1159 intenfitates
1191 1119 1366 1167 virium,

229 1186 271 1225 in
302 1188 514 1227 contrariis
541 1187 835 1229 directionibus
866 1184 970 1226 PX‘
988 1217 1001 1236 ‚
1039 1199 1106 1228 aut
1134 1186 1164 1227 P
1183 1184 1268 1238 Y',
1299 1198 1368 1228 aut

227 1251 333 1295 PZ'
361 1259 594 1309 agentium,
625 1257 909 1312 aequilibrium
937 1267 1019 1295 non
1045 1256 1181 1297 adest:
1221 1266 1367 1311 aequa-

231 1324 362 1365 tiones
393 1325 502 1379 (1),
547 1325 629 1381 (2)
670 1336 712 1368 et
754 1323 861 1380 (3),
907 1325 1039 1366 nihilo
1069 1326 1255 1379 aequales
1281 1327 1367 1368 esse

226 1404 310 1433 non
340 1396 535 1448 possunt,
579 1395 646 1438 sed
674 1398 823 1438 habent
861 1397 1124 1449 quantitatem
1153 1397 1365 1449 pofitivam

225 1474 295 1504 aut
324 1468 573 1520 negativam:
619 1467 684 1508 fac
714 1468 863 1522 igitur,
895 1465 984 1506 illas
1015 1466 1210 1517 praebere
1239 1478 1365 1522 quan·-

229 1535 383 1576 titatem
414 1534 485 1587 X,
515 1533 556 1577 Y
580 1549 620 1578 et
648 1535 709 1581 Ζ,
741 1538 796 1577 ita
823 1547 892 1577 utx

367 1603 414 1646 P.
446 1603 521 1661 cos]
552 1619 579 1646 aa
608 1605 654 1644 4-
679 1604 748 1647 Ρ.’
776 1603 852 1662 cos.
883 1603 929 1646 α’
959 1605 1004 1642 ‘l-
1031 1602 1124 1646 P.''
1154 1603 1231 1661 coJI
1275 1603 1364 1662 oe‘s'

224 1676 271 1714 4-
299 1686 401 1717 caet.
429 1679 481 1710 =
508 1673 550 1715 X
581 1707 592 1718 .
625 1706 634 1719 .
668 1705 1205 1719 .............
1252 1675 1362 1732 (4),

229 1809 264 1855 ‘l’
300 1827 403 1856 caer.
430 1818 480 1849 =
509 1812 549 1854 Y
579 1846 1156 1858 ..............
1205 1849 1214 1858 .
1248 1814 1363 1871 (5),

370 1882 416 1926 P.
447 1883 522 1941 coſs
549 1900 577 1931 y
608 1885 652 1922 -Ι-
679 1883 747 1926 Ρ.’
778 1884 853 1942 coſs
892 1885 942 1933 γ’
972 1889 1018 1925 -Ι-
1044 1884 1136 1929 Ρ.”
1180 1885 1256 1943 cos]
1294 1883 1364 1934 y''

226 1955 272 1992 -Ι·
300 1966 402 1996 caet.
431 1958 482 1989 Ξ
509 1952 544 1993 Ζ
576 1986 1201 1999 ...............
1250 1957 1362 2011 (6),

227 2037 344 2065 erunt
373 2022 414 2064 X
430 2055 442 2072 ‚
473 2021 513 2063 Y
528 2056 541 2074 ,
572 2023 608 2064 Z
625 2056 638 2074 ‚
670 2028 915 2069 intenfitates
947 2029 1091 2068 virium
1121 2028 1363 2080 compofita·

227 2107 314 2135 rum
333 2125 345 2142 ‚
373 2096 524 2148 quibus
534 2108 728 2148 punctum
746 2097 776 2138 P
790 2097 956 2151 proprie
969 2097 1143 2151 agitatur
1157 2127 1170 2143 ‚
1189 2109 1256 2138 aut
1272 2109 1362 2149 pre·

228 2166 379 2216 mirur3
410 2178 609 2220 ponamus
624 2179 690 2208 eas
713 2168 953 2222 quantitates
970 2196 983 2218 ,
1015 2166 1191 2222 generali
1215 2167 1362 2214 modu,

1491 2263 1513 2590 l

368 1742 415 1786 P.
445 1742 522 1801 cos.
550 1745 581 1792 β
611 1744 656 1782 4
683 1743 750 1788 P'.
776 1745 852 1802 cos:
879 1745 933 1796 β’
965 1747 1011 1783 -Ι-
1036 1744 1127 1788 Ρ.”
1173 1743 1248 1800 cofi
1292 1742 1365 1795 β”
1501 1767 1513 2160 1
