1513 2734
566 115 786 190 (83)

112 271 323 328 parallelae
355 273 394 311 in
433 272 562 324 spatio
598 284 746 327 agunt,
792 273 991 326 ducuntur
1017 273 1144 314 lineae
1172 285 1242 325 pa·

111 341 273 383 rallelae
291 372 303 390 ‚
335 341 383 381 ad
399 341 563 394 planum
578 343 850 396 quodeunque
864 373 876 392 ‚
910 354 1029 395 atque
1047 342 1071 382 fi
1093 354 1243 382 vocan-

114 424 177 453 tur
206 412 333 451 lineae
362 413 464 451 inter
491 412 589 452 haec
632 424 781 465 puncta
825 414 1078 467 intercepta,
1119 423 1241 464 atque

112 482 216 521 inter
244 493 419 534 puncta,
467 482 505 520 in
535 482 681 534 quibus
710 483 862 522 dictum
893 482 1054 534 planum
1087 482 1245 527 secant,

105 558 137 604 p
155 581 167 599 ‚
191 553 266 604 ρ’,
291 552 351 604 p¹¹
382 563 515 600 caet.:,
547 551 587 592 R
615 552 830 592 denotante
854 553 932 592 vim
956 552 1245 604 compositam,

112 632 153 660 et
181 634 206 660 r
233 620 378 661 lineam
410 622 512 661 inter
541 621 703 673 planum
723 652 735 669 ‚
778 635 817 662 et
845 623 930 676 ejus
959 621 1246 674 applicationis

111 701 308 743 punctum
337 703 573 731 contentum
593 722 605 738 ‚
639 692 759 736 (dum
790 693 888 732 haec
918 692 1001 744 ipsa
1037 691 1142 732 linea
1185 704 1246 731 re-

114 759 237 811 liquis
266 761 385 798 etiam
416 761 459 800 fit
484 759 699 812 pat-allelu)
727 761 944 801 habemus:

169 827 265 868 R.r
292 835 343 864 ::
372 827 455 881 Rp
490 831 534 880 -ξ-
564 827 760 884 P.'p'—{—
782 825 1245 883 P.''p'‘÷P.''‘p“‘

110 897 311 948 ÷caet.'
321 929 505 939 .....
538 929 550 947 ‚
584 929 900 941 ........
911 925 944 940 ·.
977 930 987 940 .
1021 931 1030 940 .
1065 897 1245 953 .(10)‚

112 967 153 1007 id
183 979 269 1006 est:
299 967 559 1008 Momentum
590 971 652 1010 νίς
682 956 922 1023 εοηιροβῑαὲ
965 970 1133 1010 ratione
1162 970 1247 1010 ali-

113 1038 231 1090 cujus
265 1039 422 1090 plani,
463 1039 658 1092 aequalis
698 1049 759 1079 est
792 1035 985 1090 summae
1027 1048 1245 1079 momento-

114 1120 209 1147 rum
228 1138 240 1156 ,
270 1108 428 1148 virium
461 1109 788 1160 componentium
806 1139 819 1157 ,
851 1108 911 1149 ad
937 1108 1046 1149 idem
1062 1109 1246 1162 planum

113 1177 373 1217 relatamzm.
419 1205 464 1213 -
520 1176 620 1217 Tale
676 1178 799 1231 igitur
855 1176 1018 1230 planum
1076 1190 1248 1218 vocatur

116 1245 279 1299 planum
313 1258 638 1288 momentorum:
671 1260 711 1287 et
741 1242 929 1299 quoniam
949 1273 968 1295 ‚›
995 1247 1018 1286 fi
1049 1246 1156 1299 plani
1199 1247 1246 1287 st-

115 1327 177 1356 tus
212 1327 407 1364 mutatur,
447 1316 550 1356 linea
576 1331 600 1357 ν
641 1317 796 1370 semper
837 1319 1000 1357 transire
1027 1316 1146 1357 debet
1173 1329 1245 1369 pet

113 1397 339 1439 punctum,
383 1387 431 1426 ad
474 1387 586 1440 quod
627 1390 688 1428 vis
731 1389 955 1441 composita
989 1387 1244 1441 applicatur,

113 1467 200 1495 eam
229 1455 282 1494 ob
311 1454 465 1495 causam
497 1457 522 1496 fi
550 1454 719 1507 planum»
743 1470 824 1498 non
865 1470 1038 1498 mutatur
1078 1460 1248 1512 positio-

113 1538 190 1574 ne,
223 1526 367 1565 virium
412 1527 656 1566 directiones
698 1539 830 1568 autem
874 1528 996 1569 alium
1038 1531 1248 1583 accipiunt

113 1594 257 1643 fitum‚
302 1596 422 1636 ctiam
465 1595 549 1649 ipsa
588 1595 691 1637 linea
730 1611 773 1637 r.
796 1610 868 1650 per
906 1597 1010 1638 idem
1050 1611 1247 1652 punctum

52 1665 54 1668 ⁴
117 1665 301 1711 transit„
342 1665 457 1721 Ergo
498 1667 558 1706 vis
599 1668 823 1721 composita
866 1668 1020 1721 semper
1060 1668 1110 1709 ad
1139 1669 1247 1710 idem

116 1747 311 1789 punctum
356 1737 431 1776 erit
479 1735 709 1788 applicata:
756 1750 796 1778 et
827 1738 907 1779 hoc
947 1750 1142 1793 punctum
1171 1751 1247 1780 vo-

117 1817 229 1846 catur
257 1816 447 1847 centrum
474 1807 633 1848 virium
651 1821 665 1848 .·

173 1874 246 1916 VI.
291 1875 572 1917 Demonstrata
624 1888 924 1919 momentorum
968 1880 1245 1934 proprietate,

119 1954 308 1986 centrum
335 1947 495 1987 virium
526 1946 578 1987 fic
607 1947 906 1989 determinatur.

178 2013 391 2057 Sumantur
434 2016 553 2072 (Fig.
589 2016 684 2071 27.)
725 2020 798 2059 tria
833 2018 949 2072 plana
978 2019 1246 2072 perpendicu-

117 2085 235 2135 laria,
264 2085 303 2126 se
332 2087 505 2129 invicem
520 2090 557 2128 in
576 2087 693 2128 lineis
725 2088 847 2138 ΟΧ,
881 2088 919 2129 O
938 2088 976 2129 Y
1005 2101 1044 2129 et
1072 2089 1159 2130 ΟΖ
1190 2090 1246 2130 se-

119 2158 275 2198 cantia.
322 2167 441 2211 atque
482 2157 742 2201 demittantur
782 2172 804 2200 e
844 2160 1035 2214 punctis,
1072 2159 1121 2200 ad
1146 2172 1248 2213 quae

1191 2242 1249 2269 νι-
