1513 2734
702 125 953 182 (170)

265 298 269 302 .
319 262 535 318 Denique,
582 273 768 317 tanquam
810 267 1037 319 propositio
1064 256 1113 307 ab
1145 268 1332 310 omnibus
1367 280 1391 310 e

259 344 397 376 motus
425 345 567 383 natura
591 334 812 385 concessa,
844 335 1085 378 adsumitur:

256 428 259 429 ν
317 405 386 456 4⁰.
423 401 545 458 Quod
586 388 647 444 an‘s
687 404 905 459 composita
952 419 972 446 e
1022 406 1183 448 duabus
1223 407 1388 449 viribus

415 474 697 530 aequalibus,
751 474 881 516 habet
930 477 1231 524 directionem,
1277 490 1386 532 quae

403 543 617 598 bifariam
646 545 802 586 dividit
832 540 1060 600 angulum,
1106 547 1222 587 inter
1246 547 1384 587 direc-

402 614 536 655 tiones
563 615 725 656 virium
753 617 1082 670 componentium
1111 615 1380 669 comprehen-

395 680 508 737 sum.

305 752 421 810 Ergo
448 755 673 808 superiores
704 754 1062 798 demonstrationes
1089 756 1233 797 eodem
1276 756 1380 797 vitio

250 822 460 872 laborant,
491 838 575 877 quo
617 825 904 867 demonstratio
940 826 1222 870 Danielis
1257 826 1380 866 Ber-

245 906 270 934 n
289 894 505 943 ouilli‚
539 895 722 955 scilicet,
754 897 866 949 quod
892 910 915 937 e
945 909 1059 939 motu
1087 896 1254 949 aliquod
1266 897 1378 948 prin-

245 965 399 1016 cipium
432 967 675 1012 continent,
707 965 882 1018 ideoque
912 979 962 1007 ex
991 977 1128 1006 natura
1157 967 1276 1018 ipfius
1290 966 1374 1014 vis,

243 1046 266 1073 e
296 1033 379 1074 sola
395 1034 539 1083 causa,
571 1047 652 1074 non
671 1037 820 1087 petitae
838 1035 939 1075 sunt.
1000 1034 1112 1075 Talis
1133 1034 1374 1074 demonstra-

240 1106 303 1144 tio
327 1104 571 1156 Analydca,
604 1118 705 1157 quae
737 1106 872 1144 omnia
888 1106 1118 1159 principia,
1146 1117 1168 1144 e
1197 1105 1374 1157 quodam

240 1175 385 1214 virium
410 1173 557 1214 effectu
588 1175 738 1225 petita,
770 1174 973 1224 excludit‚
1006 1187 1046 1216 et
1075 1174 1252 1229 generali
1285 1188 1373 1215 mo-

239 1244 295 1283 do
324 1244 431 1284 valet
455 1245 504 1284 de
533 1244 686 1284 duabus
715 1245 869 1299 viribus¹
896 1245 1203 1299 inaequalibus,
1234 1256 1275 1286 et
1305 1256 1372 1284 an-

239 1313 380 1368 gulum
422 1326 708 1368 quemcunque
750 1316 854 1355 inter
899 1316 1144 1356 directiones
1185 1326 1373 1367 compre-

192 1424 195 1427 ,
234 1384 538 1433 rhczndentibus,
570 1385 750 1425 nondum
782 1386 821 1425 in
849 1398 1043 1439 promptu
1073 1398 1146 1427 est.
1208 1384 1268 1426 Ut
1304 1398 1372 1425 au-

243 1463 322 1494 tem
353 1447 605 1503 indicemus,
654 1467 868 1508 quousque
899 1457 1127 1508 pervenerit
1165 1456 1371 1510 ingenium

235 1522 561 1573 humanumhfic
591 1525 632 1564 in
655 1537 722 1574 re,
766 1537 887 1580 atque
915 1537 959 1566 ut
989 1526 1081 1567 inde
1112 1526 1370 1567 ostendamus

234 1592 322 1633 fieri
365 1593 512 1647 posse,
558 1607 603 1635 ut
638 1595 821 1648 perfecta
843 1596 1130 1637 demonstratio
1153 1596 1371 1648 Analytica

227 1663 643 1733 parallelogrammi
683 1666 845 1706 virium
900 1665 1117 1719 aliquando
1169 1666 1367 1720 prodeat,

232 1735 454 1787 exposituri
482 1734 617 1775 sumus
644 1735 818 1789 denique
847 1728 1225 1776 demonstmtione'm
1261 1736 1370 1775 Ana-

234 1804 400 1857 lyticam
433 1805 573 1846 summi
605 1805 686 1847 De
717 1805 789 1847 La
816 1804 1013 1855 Place,
1046 1808 1085 1846 in
1116 1819 1221 1859 qua,
1253 1818 1367 1859 prae-

237 1885 297 1915 ter
326 1878 399 1916 tria
426 1877 654 1928 principia,
702 1876 826 1916 modo
870 1878 1110 1924 enunciata,
1158 1876 1214 1916 nil
1255 1877 1369 1917 datur

235 1957 305 1986 aut
334 1945 604 2007 supponitur,
637 1947 748 1999 quod
776 1958 843 1987 aut
879 1960 901 1987 a
927 1960 969 1987 re
996 1946 1198 1997 alienum,
1231 1954 1299 1987 a'ut
1326 1948 1368 1986 in

234 2017 380 2057 virium
411 2017 587 2069 quodam
615 2016 763 2062 effectu
791 2017 965 2071 positum
993 2017 1049 2058 fit.

222 2096 257 2131 -.'
296 2085 450 2128 XLIV.
488 2087 540 2128 A.
579 2085 812 2127 SintAPet
835 2084 869 2125 Β
885 2084 919 2125 Ρ
941 2086 1060 2141 (Fig.
1082 2083 1174 2142 19.)
1191 2120 1204 2136 ‚
1221 2087 1367 2129 -direcss

239 2157 371 2198 tiones
397 2157 757 2213 perpendiculares
787 2157 952 2199 duarum
981 2147 1366 2215 virIum'inaequali-

1295 2239 1365 2268 um
