1513 2734
752 143 973 202 (20)

302 286 466 341 et-J‘ura.
525 284 675 325 Verum
701 282 803 331 alia,
835 296 955 336 quam
986 279 1116 330 illud,
1160 279 1312 332 prodiit
1342 277 1424 319 for-

299 368 396 418 ῐηές
439 379 522 408 non
562 364 700 414 civili,
744 364 810 404 sed
838 363 974 414 sacten
1020 372 1102 403 non
1123 362 1328 410 humano,
1359 359 1427 400 sed

299 449 440 490 divino
467 448 546 490 sese
570 448 657 502 jure
686 445 817 487 valere
847 446 1089 486 autumabat.
1163 444 1299 497 Atque
1341 443 1425 490 ita,

297 543 400 584 quae
421 541 537 570 antea
556 529 833 570 Romanorum
869 527 945 568 fuit
969 528 1073 568 ratio
1096 526 1228 567 civilis
1243 556 1258 575 ‚
1288 524 1427 566 eadem

296 613 377 667 jam
409 612 615 654 Ecclefiae
645 611 830 652 conditio
856 610 939 650 esse
981 609 1122 662 coepit
1166 606 1288 648 sacra.
1334 606 1426 647 Do-

296 695 519 734 minabatur
562 693 631 734 illa
670 691 783 734 velut
824 694 942 733 unica
996 692 1108 732 orbis
1149 689 1425 738 Monarchia‚

296 788 341 818 ut
370 778 410 816 in
438 776 625 817 omnibus
655 775 735 816 sese
765 776 1037 815 immiscerent
1078 773 1198 813 rebus
1239 771 1424 822 Clerici,

294 858 404 912 ipsos
444 858 544 898 adeo
588 857 791 912 subjectos
818 857 890 898 fibi
931 856 1078 896 habere
1119 854 1317 895 studerent
1341 853 1423 895 Re-

294 954 394 995 gesz,
440 940 593 980 verbo:
636 948 858 979 terrarum
884 938 1064 978 dominos
1109 937 1189 977 sese
1216 935 1423 991 gesserunt

292 1021 524 1062 Pontifices.
554 1040 600 1050 -
628 1019 758 1059 Tanta
795 1021 919 1073 igitur
959 1018 1070 1059 Cleri
1111 1018 1189 1058 fuit
1223 1019 1262 1057 in
1291 1031 1421 1071 popu-

292 1103 356 1144 los
396 1105 486 1152 vis;
532 1114 639 1142 tanta
681 1100 941 1142 Hierarchiae
991 1100 1125 1140 ubivis
1167 1099 1422 1141 stabiliendae

291 1198 414 1232 cura,
470 1195 514 1225 ut
553 1183 661 1225 nulia
714 1183 1020 1223 reformidarent
1060 1181 1267 1235 pericula,
1309 1182 1419 1223 nulla

292 1280 374 1308 non
405 1252 632 1320 superarent
659 1264 888 1314 obstacula,
920 1266 1122 1318 ipsiusque
1148 1264 1230 1305 Dei
1257 1266 1296 1304 in
1336 1265 1417 1306 his·

292 1362 341 1390 ce
401 1351 513 1390 terris
568 1348 698 1389 sedem
738 1347 776 1388 se
820 1360 1021 1402 occupare
1061 1348 1132 1390 fibi
1174 1347 1418 1389 viderentur.

291 1431 575 1473 Conveniebat
601 1431 641 1471 in
669 1429 788 1471 illos:

381 1587 404 1605 „
425 1563 562 1596 Flectere
575 1561 607 1605 fi
623 1572 736 1605 nequeo
757 1562 883 1606 Superos
898 1585 909 1602 ,
936 1559 1120 1596 Acheronta
1146 1561 1307 1596 movebo?
1384 1578 1390 1594 ι

351 1680 566 1723 Caeterum
593 1681 774 1734 quamjvis
799 1682 854 1722 'ita
881 1693 922 1721 ct
956 1682 1118 1735 antiqua
1147 1693 1187 1721 et
1211 1694 1316 1723 nova
1332 1681 1418 1723 Ro-

295 1776 387 1812 ma,
429 1775 628 1816 tamquam
657 1775 778 1816 caput
805 1764 937 1810 orbis,
969 1763 1030 1803 his
1057 1763 1176 1804 ducta
1206 1763 1252 1804 fit
1292 1765 1419 1816 impe-

292 1846 403 1887 randi
431 1845 740 1899 dominandique
768 1845 930 1896 studiis,
970 1845 1075 1886 haud
1105 1857 1236 1886 tamen
1263 1845 1419 1888 filontio

294 1929 679 1981 praetermittamus,
734 1939 944 1981 utramque
996 1928 1143 1980 pariter
1181 1928 1230 1969 ad
1279 1940 1419 1982 gentes

296 2010 428 2050 secum
483 2011 656 2050 invicem
720 2009 992 2050 conciliandas
1037 1999 1416 2065 conjungendasque

293 2091 476 2132 valuisse.
536 2091 690 2146 Quod,
721 2103 766 2132 ut
795 2093 949 2133 constat
977 2092 1026 2132 de
1050 2094 1223 2147 antiquis
1264 2093 1415 2134 Roma-

295 2175 385 2224 nis,
428 2175 498 2227 qui
523 2174 682 2229 legibus
708 2187 791 2215 non
820 2176 978 2225 minus,
1023 2188 1142 2229 quam
1167 2177 1312 2225 armis,
1341 2177 1415 2216 im-

1345 2270 1415 2312 PC-
