<?xml version="1.0" encoding="UTF-8"?>
<!DOCTYPE html PUBLIC "-//W3C//DTD XHTML 1.0 Transitional//EN"
    "http://www.w3.org/TR/xhtml1/DTD/xhtml1-transitional.dtd">
<html xmlns="http://www.w3.org/1999/xhtml" xml:lang="en" lang="en">
 <head>
  <title>
</title>
<meta http-equiv="Content-Type" content="text/html;charset=utf-8" />
  <meta name='ocr-system' content='tesseract 3.04.00' />
  <meta name='ocr-capabilities' content='ocr_page ocr_carea ocr_par ocr_line ocrx_word'/>
</head>
<body>
  <div class='ocr_page' id='page_1' title='image "annalesacademiae23acad_0086.png"; bbox 0 0 1513 2734; ppageno 0'>
   <div class='ocr_carea' id='block_1_1' title="bbox 752 153 942 209">
    <p class='ocr_par' dir='ltr' id='par_1_1' title="bbox 752 153 942 209">
     <span class='ocr_line' id='line_1_1' title="bbox 752 153 942 209; baseline -0.011 0"><span class='ocrx_word' id='word_1_1' title='bbox 752 153 942 209; x_wconf 83' lang='lat'><strong>(4)</strong></span> 
     </span>
    </p>
   </div>
   <div class='ocr_carea' id='block_1_2' title="bbox 290 287 1420 2307">
    <p class='ocr_par' dir='ltr' id='par_1_2' title="bbox 294 287 1419 675">
     <span class='ocr_line' id='line_1_2' title="bbox 299 287 1418 348; baseline -0.006 -13"><span class='ocrx_word' id='word_1_2' title='bbox 299 293 397 348; x_wconf 85' lang='lat' dir='ltr'><strong>quid</strong></span> <span class='ocrx_word' id='word_1_3' title='bbox 426 303 593 342; x_wconf 84' lang='lat' dir='ltr'><strong>tractet,</strong></span> <span class='ocrx_word' id='word_1_4' title='bbox 623 289 703 331; x_wconf 90' lang='lat' dir='ltr'><strong>hoc</strong></span> <span class='ocrx_word' id='word_1_5' title='bbox 733 290 798 331; x_wconf 68' lang='lat' dir='ltr'><strong>sua</strong></span> <span class='ocrx_word' id='word_1_6' title='bbox 827 291 866 330; x_wconf 89' lang='lat' dir='ltr'><strong>vi</strong></span> <span class='ocrx_word' id='word_1_7' title='bbox 897 289 1070 337; x_wconf 81' lang='lat' dir='ltr'>imbuat,</span> <span class='ocrx_word' id='word_1_8' title='bbox 1088 287 1150 329; x_wconf 77' lang='lat' dir='ltr'><strong>&#39;ad</strong></span> <span class='ocrx_word' id='word_1_9' title='bbox 1177 287 1281 328; x_wconf 83' lang='lat' dir='ltr'><strong>suam</strong></span> <span class='ocrx_word' id='word_1_10' title='bbox 1307 300 1418 329; x_wconf 88' lang='lat' dir='ltr'><strong>com-</strong></span> 
     </span>
     <span class='ocr_line' id='line_1_3' title="bbox 297 369 1419 429; baseline -0.006 -13"><span class='ocrx_word' id='word_1_11' title='bbox 297 387 421 429; x_wconf 88' lang='lat' dir='ltr'><strong>ponat</strong></span> <span class='ocrx_word' id='word_1_12' title='bbox 451 374 622 428; x_wconf 87' lang='lat' dir='ltr'><strong>speciem</strong></span> <span class='ocrx_word' id='word_1_13' title='bbox 649 383 767 425; x_wconf 85' lang='lat' dir='ltr'><strong>atque</strong></span> <span class='ocrx_word' id='word_1_14' title='bbox 798 371 982 411; x_wconf 77' lang='lat' dir='ltr'><strong>formam,</strong></span> <span class='ocrx_word' id='word_1_15' title='bbox 1071 369 1337 410; x_wconf 80' lang='lat' dir='ltr'><strong>observamus</strong></span> <span class='ocrx_word' id='word_1_16' title='bbox 1379 369 1419 409; x_wconf 88' lang='lat' dir='ltr'><strong>id</strong></span> 
     </span>
     <span class='ocr_line' id='line_1_4' title="bbox 296 452 1418 503; baseline -0.006 -6"><span class='ocrx_word' id='word_1_17' title='bbox 296 457 380 498; x_wconf 89' lang='lat' dir='ltr'><strong>fere</strong></span> <span class='ocrx_word' id='word_1_18' title='bbox 410 458 449 496; x_wconf 91' lang='lat' dir='ltr'><strong>in</strong></span> <span class='ocrx_word' id='word_1_19' title='bbox 476 458 578 496; x_wconf 85' lang='lat' dir='ltr'><strong>vitae</strong></span> <span class='ocrx_word' id='word_1_20' title='bbox 606 453 919 503; x_wconf 84' lang='lat' dir='ltr'><strong>consuetudine,</strong></span> <span class='ocrx_word' id='word_1_21' title='bbox 951 454 991 492; x_wconf 91' lang='lat' dir='ltr'><strong>in</strong></span> <span class='ocrx_word' id='word_1_22' title='bbox 1020 464 1178 493; x_wconf 82' lang='lat' dir='ltr'><strong>naturae</strong></span> <span class='ocrx_word' id='word_1_23' title='bbox 1195 452 1348 500; x_wconf 75' lang='lat' dir='ltr'><strong>studio,</strong></span> <span class='ocrx_word' id='word_1_24' title='bbox 1378 452 1418 490; x_wconf 89' lang='lat' dir='ltr'><strong>in</strong></span> 
     </span>
     <span class='ocr_line' id='line_1_5' title="bbox 295 533 1418 588; baseline -0.005 -9"><span class='ocrx_word' id='word_1_25' title='bbox 295 539 446 579; x_wconf 83' lang='lat' dir='ltr'><strong>artibus</strong></span> <span class='ocrx_word' id='word_1_26' title='bbox 478 536 688 578; x_wconf 85' lang='lat' dir='ltr'>tractandis</span> <span class='ocrx_word' id='word_1_27' title='bbox 710 547 750 575; x_wconf 92' lang='lat' dir='ltr'><strong>et</strong></span> <span class='ocrx_word' id='word_1_28' title='bbox 778 535 934 585; x_wconf 90' lang='lat' dir='ltr'><strong>literis,</strong></span> <span class='ocrx_word' id='word_1_29' title='bbox 967 536 1006 574; x_wconf 89' lang='lat' dir='ltr'><strong>in</strong></span> <span class='ocrx_word' id='word_1_30' title='bbox 1037 535 1216 588; x_wconf 82' lang='lat' dir='ltr'><strong>gentium</strong></span> <span class='ocrx_word' id='word_1_31' title='bbox 1250 533 1351 574; x_wconf 86' lang='lat' dir='ltr'><strong>adeo</strong></span> <span class='ocrx_word' id='word_1_32' title='bbox 1379 544 1418 572; x_wconf 87' lang='lat' dir='ltr'><strong>et</strong></span> 
     </span>
     <span class='ocr_line' id='line_1_6' title="bbox 294 617 1156 675; baseline -0.006 -15"><span class='ocrx_word' id='word_1_33' title='bbox 294 621 450 675; x_wconf 86' lang='lat' dir='ltr'><strong>generis</strong></span> <span class='ocrx_word' id='word_1_34' title='bbox 478 620 638 660; x_wconf 87' lang='lat' dir='ltr'><strong>humani</strong></span> <span class='ocrx_word' id='word_1_35' title='bbox 666 617 757 658; x_wconf 83' lang='lat' dir='ltr'><strong>fatis</strong></span> <span class='ocrx_word' id='word_1_36' title='bbox 783 617 982 670; x_wconf 84' lang='lat' dir='ltr'>rebusque</span> <span class='ocrx_word' id='word_1_37' title='bbox 1019 617 1156 670; x_wconf 81' lang='lat' dir='ltr'><strong>gestis,</strong></span> 
     </span>
    </p>

    <p class='ocr_par' dir='ltr' id='par_1_3' title="bbox 290 697 1420 2235">
     <span class='ocr_line' id='line_1_7' title="bbox 341 697 1418 753; baseline -0.004 -10"><span class='ocrx_word' id='word_1_38' title='bbox 341 701 512 743; x_wconf 76' lang='lat' dir='ltr'><strong>Grande</strong></span> <span class='ocrx_word' id='word_1_39' title='bbox 540 699 728 753; x_wconf 88' lang='lat' dir='ltr'><strong>profecto</strong></span> <span class='ocrx_word' id='word_1_40' title='bbox 767 711 806 740; x_wconf 90' lang='lat' dir='ltr'><strong>et</strong></span> <span class='ocrx_word' id='word_1_41' title='bbox 831 711 984 740; x_wconf 85' lang='lat' dir='ltr'><strong>vastum</strong></span> <span class='ocrx_word' id='word_1_42' title='bbox 1014 711 1073 740; x_wconf 81' lang='lat' dir='ltr'><strong>est</strong></span> <span class='ocrx_word' id='word_1_43' title='bbox 1104 698 1235 739; x_wconf 88' lang='lat' dir='ltr'><strong>hocce</strong></span> <span class='ocrx_word' id='word_1_44' title='bbox 1264 697 1418 751; x_wconf 84' lang='lat' dir='ltr'><strong>specta-</strong></span> 
     </span>
     <span class='ocr_line' id='line_1_8' title="bbox 292 780 1418 836; baseline -0.003 -13"><span class='ocrx_word' id='word_1_45' title='bbox 292 782 456 831; x_wconf 81' lang='lat' dir='ltr'>culum,</span> <span class='ocrx_word' id='word_1_46' title='bbox 501 782 612 836; x_wconf 90' lang='lat' dir='ltr'><strong>quod</strong></span> <span class='ocrx_word' id='word_1_47' title='bbox 652 782 876 823; x_wconf 83' lang='lat' dir='ltr'><strong>exserendis</strong></span> <span class='ocrx_word' id='word_1_48' title='bbox 931 780 1189 822; x_wconf 84' lang='lat' dir='ltr'><strong>facultatibus</strong></span> <span class='ocrx_word' id='word_1_49' title='bbox 1238 781 1418 820; x_wconf 86' lang='lat' dir='ltr'><strong>humanis</strong></span> 
     </span>
     <span class='ocr_line' id='line_1_9' title="bbox 290 862 1416 918; baseline -0.002 -14"><span class='ocrx_word' id='word_1_50' title='bbox 290 865 457 918; x_wconf 79' lang='lat' dir='ltr'>praebet</span> <span class='ocrx_word' id='word_1_51' title='bbox 498 877 629 905; x_wconf 89' lang='lat' dir='ltr'><strong>rerum</strong></span> <span class='ocrx_word' id='word_1_52' title='bbox 672 876 809 904; x_wconf 88' lang='lat' dir='ltr'><strong>natura</strong></span> <span class='ocrx_word' id='word_1_53' title='bbox 847 875 888 904; x_wconf 90' lang='lat' dir='ltr'><strong>et</strong></span> <span class='ocrx_word' id='word_1_54' title='bbox 928 863 1155 905; x_wconf 88' lang='lat' dir='ltr'><strong>seculorum</strong></span> <span class='ocrx_word' id='word_1_55' title='bbox 1200 862 1416 912; x_wconf 75' lang='lat' dir='ltr'><strong>decursus3</strong></span> 
     </span>
     <span class='ocr_line' id='line_1_10' title="bbox 294 946 1416 1000; baseline -0.003 -13"><span class='ocrx_word' id='word_1_56' title='bbox 294 959 334 987; x_wconf 89' lang='lat' dir='ltr'><strong>et</strong></span> <span class='ocrx_word' id='word_1_57' title='bbox 374 947 553 1000; x_wconf 80' lang='lat' dir='ltr'>perbeati</span> <span class='ocrx_word' id='word_1_58' title='bbox 593 946 821 987; x_wconf 86' lang='lat' dir='ltr'><strong>viderentur</strong></span> <span class='ocrx_word' id='word_1_59' title='bbox 863 946 1075 993; x_wconf 81' lang='lat' dir='ltr'><strong>homines,</strong></span> <span class='ocrx_word' id='word_1_60' title='bbox 1128 946 1152 986; x_wconf 84' lang='lat' dir='ltr'>fi</span> <span class='ocrx_word' id='word_1_61' title='bbox 1193 958 1284 985; x_wconf 90' lang='lat' dir='ltr'><strong>eum</strong></span> <span class='ocrx_word' id='word_1_62' title='bbox 1312 946 1416 984; x_wconf 88' lang='lat' dir='ltr'><strong>vitae</strong></span> 
     </span>
     <span class='ocr_line' id='line_1_11' title="bbox 292 1027 1418 1079; baseline -0.002 -11"><span class='ocrx_word' id='word_1_63' title='bbox 292 1028 447 1068; x_wconf 87' lang='lat' dir='ltr'><strong>cursum</strong></span> <span class='ocrx_word' id='word_1_64' title='bbox 505 1039 636 1067; x_wconf 89' lang='lat' dir='ltr'><strong>tenere</strong></span> <span class='ocrx_word' id='word_1_65' title='bbox 687 1028 937 1079; x_wconf 76' lang='lat' dir='ltr'><strong>potuissent,</strong></span> <span class='ocrx_word' id='word_1_66' title='bbox 990 1039 1034 1067; x_wconf 91' lang='lat' dir='ltr'><strong>ut</strong></span> <span class='ocrx_word' id='word_1_67' title='bbox 1077 1029 1330 1067; x_wconf 82' lang='lat' dir='ltr'>continenter</span> <span class='ocrx_word' id='word_1_68' title='bbox 1369 1027 1418 1066; x_wconf 87' lang='lat' dir='ltr'><strong>ad</strong></span> 
     </span>
     <span class='ocr_line' id='line_1_12' title="bbox 291 1108 1417 1171; baseline -0.002 -21"><span class='ocrx_word' id='word_1_69' title='bbox 291 1109 577 1164; x_wconf 80' lang='lat' dir='ltr'><strong>perfectiorem</strong></span> <span class='ocrx_word' id='word_1_70' title='bbox 620 1108 896 1150; x_wconf 84' lang='lat' dir='ltr'><strong>conditionem</strong></span> <span class='ocrx_word' id='word_1_71' title='bbox 938 1109 1189 1150; x_wconf 85' lang='lat' dir='ltr'><strong>accederent.</strong></span> <span class='ocrx_word' id='word_1_72' title='bbox 1250 1109 1417 1171; x_wconf 66' lang='lat' dir='ltr'><strong>Accidit</strong></span> 
     </span>
     <span class='ocr_line' id='line_1_13' title="bbox 290 1173 1415 1245; baseline -0.002 -12"><span class='ocrx_word' id='word_1_73' title='bbox 290 1204 449 1240; x_wconf 82' lang='lat' dir='ltr'><strong>autem,</strong></span> <span class='ocrx_word' id='word_1_74' title='bbox 494 1204 538 1233; x_wconf 90' lang='lat' dir='ltr'><strong>ut</strong></span> <span class='ocrx_word' id='word_1_75' title='bbox 576 1193 711 1244; x_wconf 82' lang='lat' dir='ltr'><strong>cupiat</strong></span> <span class='ocrx_word' id='word_1_76' title='bbox 751 1191 834 1233; x_wconf 84' lang='lat' dir='ltr'><strong>fere</strong></span> <span class='ocrx_word' id='word_1_77' title='bbox 861 1192 986 1232; x_wconf 89' lang='lat' dir='ltr'><strong>homo</strong></span> <span class='ocrx_word' id='word_1_78' title='bbox 1016 1192 1242 1245; x_wconf 87' lang='lat' dir='ltr'><strong>probetque</strong></span> <span class='ocrx_word' id='word_1_79' title='bbox 1273 1173 1415 1231; x_wconf 86' lang='lat' dir='ltr'><strong>melio-</strong></span> 
     </span>
     <span class='ocr_line' id='line_1_14' title="bbox 291 1263 1417 1332; baseline -0.002 -17"><span class='ocrx_word' id='word_1_80' title='bbox 291 1287 362 1322; x_wconf 84' lang='lat' dir='ltr'><strong>ra,</strong></span> <span class='ocrx_word' id='word_1_81' title='bbox 395 1274 592 1315; x_wconf 74' lang='lat' dir='ltr'><strong>deteriora</strong></span> <span class='ocrx_word' id='word_1_82' title='bbox 619 1273 829 1327; x_wconf 80' lang='lat' dir='ltr'><strong>sequatur;</strong></span> <span class='ocrx_word' id='word_1_83' title='bbox 872 1275 1057 1315; x_wconf 81' lang='lat' dir='ltr'><strong>abutatur</strong></span> <span class='ocrx_word' id='word_1_84' title='bbox 1097 1274 1240 1314; x_wconf 83' lang='lat' dir='ltr'><strong>divinis</strong></span> <span class='ocrx_word' id='word_1_85' title='bbox 1265 1263 1417 1332; x_wconf 78' lang='lat' dir='ltr'><strong>ingenii</strong></span> 
     </span>
     <span class='ocr_line' id='line_1_15' title="bbox 291 1347 1416 1411; baseline 0.001 -15"><span class='ocrx_word' id='word_1_86' title='bbox 291 1357 490 1409; x_wconf 83' lang='lat' dir='ltr'><strong>animique</strong></span> <span class='ocrx_word' id='word_1_87' title='bbox 532 1356 723 1406; x_wconf 76' lang='lat' dir='ltr'><strong>dotibus2,</strong></span> <span class='ocrx_word' id='word_1_88' title='bbox 770 1358 810 1396; x_wconf 87' lang='lat' dir='ltr'><strong>in</strong></span> <span class='ocrx_word' id='word_1_89' title='bbox 855 1357 996 1397; x_wconf 85' lang='lat' dir='ltr'><strong>malam</strong></span> <span class='ocrx_word' id='word_1_90' title='bbox 1035 1368 1188 1411; x_wconf 85' lang='lat' dir='ltr'><strong>partem</strong></span> <span class='ocrx_word' id='word_1_91' title='bbox 1224 1347 1416 1410; x_wconf 85' lang='lat' dir='ltr'><strong>proruat,</strong></span> 
     </span>
     <span class='ocr_line' id='line_1_16' title="bbox 292 1440 1418 1494; baseline -0.001 -14"><span class='ocrx_word' id='word_1_92' title='bbox 292 1452 334 1480; x_wconf 89' lang='lat' dir='ltr'><strong>et</strong></span> <span class='ocrx_word' id='word_1_93' title='bbox 361 1440 551 1479; x_wconf 79' lang='lat' dir='ltr'><strong>humanae</strong></span> <span class='ocrx_word' id='word_1_94' title='bbox 580 1451 742 1479; x_wconf 83' lang='lat' dir='ltr'><strong>naturae</strong></span> <span class='ocrx_word' id='word_1_95' title='bbox 774 1440 959 1492; x_wconf 88' lang='lat' dir='ltr'><strong>conditio</strong></span> <span class='ocrx_word' id='word_1_96' title='bbox 993 1450 1272 1494; x_wconf 81' lang='lat' dir='ltr'><strong>corrumpatur</strong></span> <span class='ocrx_word' id='word_1_97' title='bbox 1300 1452 1418 1493; x_wconf 90' lang='lat' dir='ltr'><strong>pror-</strong></span> 
     </span>
     <span class='ocr_line' id='line_1_17' title="bbox 294 1520 1417 1577; baseline 0 -15"><span class='ocrx_word' id='word_1_98' title='bbox 294 1521 369 1562; x_wconf 87' lang='lat' dir='ltr'><strong>sus.</strong></span> <span class='ocrx_word' id='word_1_99' title='bbox 442 1520 589 1562; x_wconf 68' lang='lat' dir='ltr'><strong>Divina</strong></span> <span class='ocrx_word' id='word_1_100' title='bbox 633 1523 755 1576; x_wconf 84' lang='lat' dir='ltr'><strong>igitur</strong></span> <span class='ocrx_word' id='word_1_101' title='bbox 795 1521 950 1576; x_wconf 87' lang='lat' dir='ltr'><strong>indiget</strong></span> <span class='ocrx_word' id='word_1_102' title='bbox 995 1534 1074 1576; x_wconf 90' lang='lat' dir='ltr'><strong>ope</strong></span> <span class='ocrx_word' id='word_1_103' title='bbox 1117 1535 1242 1577; x_wconf 86' lang='lat' dir='ltr'><strong>genus</strong></span> <span class='ocrx_word' id='word_1_104' title='bbox 1279 1522 1417 1562; x_wconf 87' lang='lat' dir='ltr'><strong>huma-</strong></span> 
     </span>
     <span class='ocr_line' id='line_1_18' title="bbox 293 1604 1408 1658; baseline 0 -14"><span class='ocrx_word' id='word_1_105' title='bbox 293 1616 418 1653; x_wconf 89' lang='lat' dir='ltr'><strong>num,</strong></span> <span class='ocrx_word' id='word_1_106' title='bbox 462 1604 538 1658; x_wconf 73' lang='lat' dir='ltr'><strong>qua</strong></span> <span class='ocrx_word' id='word_1_107' title='bbox 580 1604 715 1644; x_wconf 87' lang='lat' dir='ltr'><strong>studiis</strong></span> <span class='ocrx_word' id='word_1_108' title='bbox 758 1605 878 1657; x_wconf 87' lang='lat' dir='ltr'><strong>ipfius</strong></span> <span class='ocrx_word' id='word_1_109' title='bbox 912 1616 1020 1649; x_wconf 85' lang='lat' dir='ltr'><strong>recta</strong></span> <span class='ocrx_word' id='word_1_110' title='bbox 1047 1614 1299 1658; x_wconf 82' lang='lat' dir='ltr'><strong>proponatur</strong></span> <span class='ocrx_word' id='word_1_111' title='bbox 1325 1605 1408 1652; x_wconf 79' lang='lat' dir='ltr'><strong>via,</strong></span> 
     </span>
     <span class='ocr_line' id='line_1_19' title="bbox 299 1670 1418 1740; baseline 0.002 -15"><span class='ocrx_word' id='word_1_112' title='bbox 299 1670 377 1739; x_wconf 62' lang='lat' dir='ltr'><strong>ona</strong></span> <span class='ocrx_word' id='word_1_113' title='bbox 404 1686 661 1727; x_wconf 85' lang='lat' dir='ltr'><strong>emendentur</strong></span> <span class='ocrx_word' id='word_1_114' title='bbox 687 1686 891 1740; x_wconf 82' lang='lat' dir='ltr'><strong>perversa,</strong></span> <span class='ocrx_word' id='word_1_115' title='bbox 923 1688 1001 1740; x_wconf 63' lang='lat' dir='ltr'><strong>qua</strong></span> <span class='ocrx_word' id='word_1_116' title='bbox 1028 1687 1191 1728; x_wconf 84' lang='lat' dir='ltr'><strong>altiores</strong></span> <span class='ocrx_word' id='word_1_117' title='bbox 1219 1689 1257 1727; x_wconf 90' lang='lat' dir='ltr'><strong>in</strong></span> <span class='ocrx_word' id='word_1_118' title='bbox 1286 1687 1418 1728; x_wconf 87' lang='lat' dir='ltr'><strong>homi-</strong></span> 
     </span>
     <span class='ocr_line' id='line_1_20' title="bbox 296 1768 1420 1823; baseline 0.002 -16"><span class='ocrx_word' id='word_1_119' title='bbox 296 1780 346 1807; x_wconf 90' lang='lat' dir='ltr'><strong>ne</strong></span> <span class='ocrx_word' id='word_1_120' title='bbox 378 1768 508 1808; x_wconf 82' lang='lat' dir='ltr'><strong>sensus</strong></span> <span class='ocrx_word' id='word_1_121' title='bbox 535 1770 780 1818; x_wconf 72' lang='lat' dir='ltr'><strong>excitentur,</strong></span> <span class='ocrx_word' id='word_1_122' title='bbox 823 1780 863 1809; x_wconf 92' lang='lat' dir='ltr'><strong>et</strong></span> <span class='ocrx_word' id='word_1_123' title='bbox 889 1770 1036 1809; x_wconf 84' lang='lat' dir='ltr'><strong>bonam</strong></span> <span class='ocrx_word' id='word_1_124' title='bbox 1063 1770 1102 1808; x_wconf 91' lang='lat' dir='ltr'><strong>in</strong></span> <span class='ocrx_word' id='word_1_125' title='bbox 1131 1781 1283 1823; x_wconf 84' lang='lat' dir='ltr'><strong>partem</strong></span> <span class='ocrx_word' id='word_1_126' title='bbox 1311 1769 1420 1810; x_wconf 82' lang='lat' dir='ltr'><strong>illius</strong></span> 
     </span>
     <span class='ocr_line' id='line_1_21' title="bbox 294 1850 1417 1905; baseline 0.003 -16"><span class='ocrx_word' id='word_1_127' title='bbox 294 1850 374 1890; x_wconf 87' lang='lat' dir='ltr'><strong>sese</strong></span> <span class='ocrx_word' id='word_1_128' title='bbox 403 1850 611 1890; x_wconf 65' lang='lat' dir='ltr'><strong>facultates</strong></span> <span class='ocrx_word' id='word_1_129' title='bbox 640 1851 830 1892; x_wconf 84' lang='lat' dir='ltr'><strong>exserant.</strong></span> <span class='ocrx_word' id='word_1_130' title='bbox 891 1850 1038 1905; x_wconf 90' lang='lat' dir='ltr'><strong>Neque</strong></span> <span class='ocrx_word' id='word_1_131' title='bbox 1063 1851 1207 1895; x_wconf 86' lang='lat' dir='ltr'><strong>frustra</strong></span> <span class='ocrx_word' id='word_1_132' title='bbox 1244 1851 1332 1892; x_wconf 86' lang='lat' dir='ltr'><strong>sane</strong></span> <span class='ocrx_word' id='word_1_133' title='bbox 1359 1852 1417 1892; x_wconf 84' lang='lat' dir='ltr'><strong>di-</strong></span> 
     </span>
     <span class='ocr_line' id='line_1_22' title="bbox 293 1918 1417 1994; baseline 0.003 -23"><span class='ocrx_word' id='word_1_134' title='bbox 293 1918 424 1994; x_wconf 37' lang='lat' dir='ltr'><strong>uinam</strong></span> <span class='ocrx_word' id='word_1_135' title='bbox 474 1933 574 1973; x_wconf 82' lang='lat' dir='ltr'><strong>hanc</strong></span> <span class='ocrx_word' id='word_1_136' title='bbox 621 1945 739 1985; x_wconf 87' lang='lat' dir='ltr'><strong>opem</strong></span> <span class='ocrx_word' id='word_1_137' title='bbox 781 1935 1018 1988; x_wconf 79' lang='lat' dir='ltr'><strong>expetimus.</strong></span> <span class='ocrx_word' id='word_1_138' title='bbox 1092 1934 1219 1975; x_wconf 90' lang='lat' dir='ltr'><strong>Adest</strong></span> <span class='ocrx_word' id='word_1_139' title='bbox 1266 1933 1334 1974; x_wconf 86' lang='lat' dir='ltr'><strong>illa</strong></span> <span class='ocrx_word' id='word_1_140' title='bbox 1377 1936 1417 1974; x_wconf 88' lang='lat' dir='ltr'><strong>in</strong></span> 
     </span>
     <span class='ocr_line' id='line_1_23' title="bbox 293 2013 1415 2075; baseline 0.004 -21"><span class='ocrx_word' id='word_1_141' title='bbox 293 2013 514 2075; x_wconf 77' lang='lat' dir='ltr'><strong>Religione</strong></span> <span class='ocrx_word' id='word_1_142' title='bbox 558 2014 811 2064; x_wconf 71' lang='lat' dir='ltr'><strong>Christiana,</strong></span> <span class='ocrx_word' id='word_1_143' title='bbox 858 2018 1043 2071; x_wconf 86' lang='lat' dir='ltr'><strong>optimo,</strong></span> <span class='ocrx_word' id='word_1_144' title='bbox 1099 2030 1120 2057; x_wconf 83' lang='lat' dir='ltr'><strong>a</strong></span> <span class='ocrx_word' id='word_1_145' title='bbox 1147 2016 1242 2060; x_wconf 91' lang='lat' dir='ltr'><strong>Deo</strong></span> <span class='ocrx_word' id='word_1_146' title='bbox 1285 2017 1415 2058; x_wconf 90' lang='lat' dir='ltr'><strong>homi-</strong></span> 
     </span>
     <span class='ocr_line' id='line_1_24' title="bbox 294 2096 878 2144; baseline 0.005 -9"><span class='ocrx_word' id='word_1_147' title='bbox 294 2096 411 2135; x_wconf 87' lang='lat' dir='ltr'><strong>nibus</strong></span> <span class='ocrx_word' id='word_1_148' title='bbox 439 2097 630 2136; x_wconf 87' lang='lat' dir='ltr'><strong>concesso</strong></span> <span class='ocrx_word' id='word_1_149' title='bbox 647 2126 660 2144; x_wconf 82' lang='grc'><em>,</em></span> <span class='ocrx_word' id='word_1_150' title='bbox 704 2110 878 2138; x_wconf 89' lang='lat' dir='ltr'><strong>munere.</strong></span> 
     </span>
     <span class='ocr_line' id='line_1_25' title="bbox 294 2166 1414 2235; baseline 0.003 -18"><span class='ocrx_word' id='word_1_151' title='bbox 294 2166 297 2167; x_wconf 34' lang='lat'><em>⁷</em></span> <span class='ocrx_word' id='word_1_152' title='bbox 351 2176 544 2232; x_wconf 83' lang='lat' dir='ltr'><strong>Quamvis</strong></span> <span class='ocrx_word' id='word_1_153' title='bbox 589 2189 719 2219; x_wconf 86' lang='lat' dir='ltr'><strong>autem</strong></span> <span class='ocrx_word' id='word_1_154' title='bbox 762 2179 860 2221; x_wconf 85' lang='lat' dir='ltr'><strong>hacc</strong></span> <span class='ocrx_word' id='word_1_155' title='bbox 911 2179 1080 2235; x_wconf 83' lang='lat' dir='ltr'><strong>Religio</strong></span> <span class='ocrx_word' id='word_1_156' title='bbox 1118 2193 1195 2222; x_wconf 84' lang='lat' dir='ltr'><strong>una</strong></span> <span class='ocrx_word' id='word_1_157' title='bbox 1235 2180 1414 2220; x_wconf 85' lang='lat' dir='ltr'><strong>omnium</strong></span> 
     </span>
    </p>

    <p class='ocr_par' dir='ltr' id='par_1_4' title="bbox 1291 2263 1413 2307">
     <span class='ocr_line' id='line_1_26' title="bbox 1291 2263 1413 2307; baseline 0.033 -4"><span class='ocrx_word' id='word_1_158' title='bbox 1291 2263 1413 2307; x_wconf 78' lang='lat' dir='ltr'><strong>maxi-</strong></span> 
     </span>
    </p>
   </div>
  </div>
 </body>
</html>
