1513 2734
712 137 747 192 ’(
785 140 861 204 ,40‘
917 135 943 191 )

265 262 351 325 tis{
377 275 611 330 poeniteat,
654 287 819 329 quoque
859 275 978 316 vobis
1014 271 1273 329 'aliquantum'
1301 274 1386 329 pla-

264 366 358 400 cere
395 358 493 400 mihi
518 359 755 412 contingat:,
787 358 956 398 memori
984 357 1093 398 illius
1339 346 1341 348 ,

355 513 378 532 ‚‚
400 489 598 533 Principibus
616 486 769 534 placut'sfh
797 487 882 522 Viris
899 498 957 522 non
982 487 1090 529 irfima
1109 487 1180 522 laus
1201 485 1280 521 est,''

268 608 461 650 Ceterum
508 619 700 662 prospera
738 606 783 647 fit
821 619 882 647 res
910 605 1077 647 Vestra!
1122 604 1319 660 Prospera
1347 605 1393 646 fit

264 702 306 731 et
334 691 500 741 floreat,
533 690 688 732 Vestris
718 689 788 732 sub
810 688 1020 744 auspiciis,
1053 688 1272 729 Academia
1295 687 1405 728 Tra-·

258 773 434 828 jemna!

324 935 411 979 Vos
452 948 585 980 autem
615 950 707 980 cum
745 940 933 986 intueor,
978 935 1230 979 Professores
1275 934 1396 978 Cele-

268 1018 459 1060 bem-imi!
505 1032 545 1060 et
587 1031 734 1074 reputo
777 1033 962 1069 mecum,
1023 1019 1155 1060 Vobis
1209 1030 1271 1059 me
1314 1019 1396 1072 jam

267 1101 485 1157 Collegam
528 1102 611 1142 esse
653 1103 917 1156 adjunctum,
961 1114 1043 1142 vox
1084 1101 1168 1143 fere
1208 1101 1396 1143 faucibus

268 1185 434 1233 haeret,
476 1189 551 1226 nec
594 1183 804 1238 quomodo
846 1182 934 1225 Vos
983 1183 1215 1237 appellem,
1259 1184 1395 1224 video.

270 1266 447 1308 Tantum
477 1266 583 1308 enim
625 1264 768 1315 abest,
813 1276 857 1307 nt
899 1279 1034 1320 parem
1065 1276 1127 1306 me
1156 1264 1290 1306 Vobis
1313 1267 1396 1327 jam

267 1350 523 1398 existimem,
583 1361 626 1391 ut
667 1348 854 1390 Vestrum
898 1348 1078 1398 ιηιύῑοε,
1121 1360 1164 1389 ut
1206 1349 1398 1390 doctores

269 1432 493 1486 discipulus
534 1432 600 1485 pii
648 1443 779 1472 mente
815 1443 855 1472 et
897 1432 1116 1485 prosequar
1149 1442 1189 1471 et
1217 1420 1397 1473 venerer.

269 1514 352 1555 Sed
392 1516 608 1568 quominus
651 1515 726 1555 hac
751 1513 991 1555 verecundis
1016 1516 1212 1563 retineat,
1260 1515 1400 1555 huma-

271 1598 454 1639 nissimus
483 1609 546 1638 me
571 1597 764 1650 prohibet
793 1596 1006 1650 adspectus
1032 1597 1202 1646 Vester,
1233 1598 1302 1650 qui
1324 1597 1400 1638 bo-

272 1692 329 1721 no
370 1691 433 1719 me
480 1681 614 1721 animo
653 1679 735 1720 esse
775 1679 904 1733 jubet.
981 1676 1144 1720 Utinam
1182 1681 1224 1719 in
1267 1678 1400 1720 Vobis

267 1761 514 1817 praesentem
551 1762 633 1817 jam
666 1773 871 1803 cernerem
899 1760 1057 1803 Patrem
1088 1773 1220 1802 meum
1250 1761 1401 1804 dulcis·

270 1846 439 1895 fimum,
469 1843 678 1885 Seniorem
706 1843 922 1894 Vestrum,
967 1857 1087 1899 quem
1119 1846 1306 1898 corporis
1332 1859 1400 1886 va-

269 1927 409 1968 letudo
451 1926 560 1968 domi
591 1937 713 1967 tenet.
788 1926 868 1968 Sed
897 1929 1079 1981 quamvis
1105 1928 1233 1976 abfis,
1279 1929 1399 1969 caris-

272 2011 365 2052 fime
393 2009 532 2051 Pater!
565 2021 695 2050 tamen
726 2008 822 2050 Deo
849 2021 931 2050 non
961 2010 1123 2064 possum
1153 2023 1235 2051 non
1258 2010 1413 2064 publi-j

269 2104 319 2135 ce
370 2092 438 2134 hic
475 2093 620 2148 gratias
659 2104 779 2148 agere
821 2105 899 2147 pro
961 2092 1114 2136 summo
1165 2093 1396 2146 beneficio,

1287 2177 1399 2231 quod
