1513 2734
564 176 787 234 (91)

112 319 236 363 altera
274 320 357 359 vita
394 318 761 372 recuperandorum
803 316 872 369 spe
906 313 1253 360 sustentabantur,

113 393 154 432 in
185 403 264 444 qua
291 389 573 443 voluptatibus
602 389 791 430 omnibus
834 385 1074 437 hominique
1107 381 1254 423 Orien·
1299 440 1303 443 1

115 461 183 501 tali
225 462 344 501 unice
385 460 706 501 accommodatis
741 458 869 499 libere
909 469 956 497 ac
993 453 1152 496 abunde
1195 465 1256 492 es·

113 530 200 572 sent
221 531 395 572 fruituri.
458 530 662 571 Fanaticis
684 530 809 584 igitur
834 540 875 568 et
900 525 1093 580 perverfis
1120 522 1257 563 studiis

112 602 272 654 abrepti
313 600 648 642 Muhammedani
681 597 892 654 pericula,
950 595 1110 637 labores
1149 603 1258 632 mor-

114 683 277 724 temque
327 671 449 712 facile
498 671 811 712 contemnebant
858 669 883 723 ζ
892 666 979 721 1),
1033 662 1259 707 Christiani

112 754 211 781 vero
241 741 316 781 illo
349 753 565 795 tempore,
596 751 679 781 non
709 752 942 787 armorum,
985 736 1053 777 scd
1080 732 1259 774 veritatis

111 813 155 852 vi
183 812 351 861 coacti,
383 813 600 864 opiniones
626 811 940 865 praejudicatas,
971 808 1120 860 quibus
1149 817 1172 844 a
1202 815 1260 842 te·

112 883 219 922 neris
243 876 337 922 inde
361 881 467 936 quafi
493 882 632 921 nutriti
663 881 849 928 fuerant,
883 878 1018 919 missas
1032 875 1260 922 faciebant,

113 952 438 1008 religionemque
469 951 742 993 Christianam
774 949 1060 1004 accipiebant,
1091 956 1262 997 eamque

116 1034 329 1076 acceptam
358 1025 495 1064 eadem
525 1025 682 1064 ratione
709 1023 799 1064 aliis
835 1018 1157 1074 amplectendam
1185 1027 1263 1055 tra·

117 1092 281 1134 debant.
342 1092 423 1134 Pro
464 1107 543 1148 qua
580 1106 712 1135 autem
749 1107 842 1136 cum
870 1102 1044 1133 mortem
1073 1088 1261 1133 obirent,

115 1163 157 1202 in
203 1161 326 1202 altera
366 1165 448 1204 vita
498 1164 605 1204 haud
667 1164 954 1218 exspectabant
1004 1158 1262 1211 voluptates,

117 1231 251 1273 sensus
280 1233 460 1274 molliter
486 1234 731 1284 afficientes,
763 1246 902 1275 verum
931 1232 1082 1287 justum
1114 1227 1263 1282 judici-

58 1299 61 1301 *
87 1296 96 1313 ³
115 1316 214 1353 um,
247 1317 331 1357 quo
361 1303 477 1344 Deus
506 1306 546 1344 in
575 1317 738 1346 omnem
768 1316 860 1345 ante
886 1314 1015 1345 actam
1044 1302 1166 1340 vitam
1198 1311 1265 1338 ac-

117 1386 256 1415 curate
286 1375 389 1416 esset
416 1376 704 1430 inquisiturus,
738 1374 915 1428 solisque
945 1373 1024 1427 piis
1058 1370 1137 1411 suis
1177 1366 1266 1409 cul·

119 1444 278 1486 toribus
303 1446 465 1505 virtutis
495 1448 676 1500 praemia
703 1446 933 1501 largituruS.

633 1544 678 1641 §.¹
705 1585 760 1628 Π.

209 1724 297 1781 Ipsi
363 1724 614 1782 adversarii
682 1738 724 1766 et
771 1725 896 1766 dictis
949 1734 990 1763 et
1024 1771 1028 1774 ⁴
1044 1720 1181 1778 factis

241 1795 510 1840 Christianis
545 1798 654 1839 dant
683 1797 800 1838 vitae
830 1796 930 1838 bene
959 1803 1154 1836 moratae
1216 1807 1219 1809 ’
1262 1807 1266 1811 ·

552 1867 856 1910 testimonium.

179 2005 306 2048 Nulla
337 2009 648 2051 tam'horrenda
684 2012 942 2050 innotuerant
979 2002 1271 2060 perditisfimof

124 2089 214 2119 rum
244 2078 456 2120 hominum
479 2079 652 2135 flagitia,
684 2081 834 2136 quibus
862 2091 944 2118 non
984 2077 1272 2118 infamarentur

562 2162 567 2167 ’
1125 2145 1268 2186 Chris-

170 2224 234 2272 (Ι)
259 2226 361 2263 Conf-
386 2227 415 2261 L
432 2237 452 2262 e
468 2238 482 2261 S
497 2237 515 2261 Z
530 2254 542 2271 ,
565 2227 747 2277 Gesclzichte
769 2230 828 2264 der
841 2227 1045 2277 Religionen,
1073 2225 1105 2259 S.
1125 2234 1190 2269 437
1201 2223 1271 2265 sqq.
