<?xml version="1.0" encoding="UTF-8"?>
<!DOCTYPE html PUBLIC "-//W3C//DTD XHTML 1.0 Transitional//EN"
    "http://www.w3.org/TR/xhtml1/DTD/xhtml1-transitional.dtd">
<html xmlns="http://www.w3.org/1999/xhtml" xml:lang="en" lang="en">
 <head>
  <title>
</title>
<meta http-equiv="Content-Type" content="text/html;charset=utf-8" />
  <meta name='ocr-system' content='tesseract 3.04.00' />
  <meta name='ocr-capabilities' content='ocr_page ocr_carea ocr_par ocr_line ocrx_word'/>
</head>
<body>
  <div class='ocr_page' id='page_1' title='image "annalesacademiae23acad_0787.png"; bbox 0 0 1513 2734; ppageno 0'>
   <div class='ocr_carea' id='block_1_1' title="bbox 531 152 755 238">
    <p class='ocr_par' dir='ltr' id='par_1_1' title="bbox 531 152 755 238">
     <span class='ocr_line' id='line_1_1' title="bbox 531 152 755 238; baseline 0.009 -2"><span class='ocrx_word' id='word_1_1' title='bbox 531 181 557 236; x_wconf 85' lang='grc'><strong>(</strong></span> <span class='ocrx_word' id='word_1_2' title='bbox 605 152 670 238; x_wconf 31' lang='grc'>’13</span> <span class='ocrx_word' id='word_1_3' title='bbox 728 181 755 237; x_wconf 87' lang='grc'>)</span> 
     </span>
    </p>
   </div>
   <div class='ocr_carea' id='block_1_2' title="bbox 130 319 1356 2328">
    <p class='ocr_par' dir='ltr' id='par_1_2' title="bbox 130 319 1356 2270">
     <span class='ocr_line' id='line_1_2' title="bbox 209 319 1356 375; baseline -0.002 -12"><span class='ocrx_word' id='word_1_4' title='bbox 209 319 336 363; x_wconf 88' lang='lat' dir='ltr'><strong>Hisce</strong></span> <span class='ocrx_word' id='word_1_5' title='bbox 363 322 530 374; x_wconf 77' lang='lat' dir='ltr'>pontis,</span> <span class='ocrx_word' id='word_1_6' title='bbox 562 320 792 372; x_wconf 83' lang='lat' dir='ltr'>videamus,</span> <span class='ocrx_word' id='word_1_7' title='bbox 826 320 1035 375; x_wconf 89' lang='lat' dir='ltr'>quomodo</span> <span class='ocrx_word' id='word_1_8' title='bbox 1072 320 1146 362; x_wconf 88' lang='lat' dir='ltr'>ho·</span> <span class='ocrx_word' id='word_1_9' title='bbox 1182 329 1356 365; x_wconf 82' lang='lat' dir='ltr'>Dediver-</span> 
     </span>
     <span class='ocr_line' id='line_1_3' title="bbox 152 375 1355 455; baseline -0.002 -21"><span class='ocrx_word' id='word_1_10' title='bbox 152 405 222 434; x_wconf 90' lang='lat' dir='ltr'>mo</span> <span class='ocrx_word' id='word_1_11' title='bbox 236 393 285 433; x_wconf 86' lang='lat' dir='ltr'>ad</span> <span class='ocrx_word' id='word_1_12' title='bbox 299 394 485 433; x_wconf 80' lang='lat' dir='ltr'>notitiam</span> <span class='ocrx_word' id='word_1_13' title='bbox 503 393 587 446; x_wconf 88' lang='lat' dir='ltr'><strong>ejus</strong></span> <span class='ocrx_word' id='word_1_14' title='bbox 603 423 615 441; x_wconf 85' lang='lat'>‚</span> <span class='ocrx_word' id='word_1_15' title='bbox 647 391 759 445; x_wconf 87' lang='lat' dir='ltr'>quod</span> <span class='ocrx_word' id='word_1_16' title='bbox 773 405 932 442; x_wconf 77' lang='lat' dir='ltr'><strong>verum,</strong></span> <span class='ocrx_word' id='word_1_17' title='bbox 956 375 1355 455; x_wconf 51' lang='lat' dir='ltr'>eju⁵q¹¹e&#39;g¹isii³12(ss;n-</span> 
     </span>
     <span class='ocr_line' id='line_1_4' title="bbox 153 461 1156 516; baseline 0 -14"><span class='ocrx_word' id='word_1_18' title='bbox 153 462 267 515; x_wconf 91' lang='lat' dir='ltr'>quod</span> <span class='ocrx_word' id='word_1_19' title='bbox 295 461 509 516; x_wconf 80' lang='lat' dir='ltr'>probabile</span> <span class='ocrx_word' id='word_1_20' title='bbox 538 462 739 510; x_wconf 69' lang='lat' dir='ltr'>diximus,</span> <span class='ocrx_word' id='word_1_21' title='bbox 772 464 981 514; x_wconf 84' lang='lat' dir='ltr'>pervenire</span> <span class='ocrx_word' id='word_1_22' title='bbox 1009 461 1156 514; x_wconf 67' lang='lat' dir='ltr'>possm</span> 
     </span>
     <span class='ocr_line' id='line_1_5' title="bbox 153 530 1148 585; baseline -0.001 -13"><span class='ocrx_word' id='word_1_23' title='bbox 153 530 211 572; x_wconf 91' lang='lat' dir='ltr'>Et</span> <span class='ocrx_word' id='word_1_24' title='bbox 239 533 279 572; x_wconf 90' lang='lat' dir='ltr'>in</span> <span class='ocrx_word' id='word_1_25' title='bbox 310 534 357 572; x_wconf 90' lang='lat' dir='ltr'>iis</span> <span class='ocrx_word' id='word_1_26' title='bbox 380 532 542 585; x_wconf 81' lang='lat' dir='ltr'>quidem</span> <span class='ocrx_word' id='word_1_27' title='bbox 561 560 574 580; x_wconf 82' lang='lat'><strong>‚</strong></span> <span class='ocrx_word' id='word_1_28' title='bbox 617 544 719 584; x_wconf 80' lang='lat' dir='ltr'>quae</span> <span class='ocrx_word' id='word_1_29' title='bbox 746 531 795 572; x_wconf 82' lang='lat' dir='ltr'>ad</span> <span class='ocrx_word' id='word_1_30' title='bbox 826 533 1148 572; x_wconf 83' lang='lat' dir='ltr'>mathematicam</span> 
     </span>
     <span class='ocr_line' id='line_1_6' title="bbox 153 600 1148 655; baseline 0.001 -14"><span class='ocrx_word' id='word_1_31' title='bbox 153 603 363 642; x_wconf 80' lang='lat' dir='ltr'>veritatem</span> <span class='ocrx_word' id='word_1_32' title='bbox 395 600 575 650; x_wconf 86' lang='lat' dir='ltr'><strong>ducunt,</strong></span> <span class='ocrx_word' id='word_1_33' title='bbox 607 602 740 654; x_wconf 76' lang='lat' dir='ltr'>posito</span> <span class='ocrx_word' id='word_1_34' title='bbox 767 601 906 655; x_wconf 84' lang='lat' dir='ltr'>aliquo</span> <span class='ocrx_word' id='word_1_35' title='bbox 941 603 1148 655; x_wconf 86' lang='lat' dir='ltr'>principio</span> 
     </span>
     <span class='ocr_line' id='line_1_7' title="bbox 154 671 1149 725; baseline 0.001 -14"><span class='ocrx_word' id='word_1_36' title='bbox 154 671 268 712; x_wconf 87' lang='lat' dir='ltr'><strong>fimul</strong></span> <span class='ocrx_word' id='word_1_37' title='bbox 318 683 363 711; x_wconf 85' lang='lat' dir='ltr'>ea</span> <span class='ocrx_word' id='word_1_38' title='bbox 403 672 537 710; x_wconf 83' lang='lat' dir='ltr'>omnia</span> <span class='ocrx_word' id='word_1_39' title='bbox 581 683 815 723; x_wconf 86' lang='lat' dir='ltr'>ponuntur,</span> <span class='ocrx_word' id='word_1_40' title='bbox 868 673 947 712; x_wconf 86' lang='lat' dir='ltr'>fine</span> <span class='ocrx_word' id='word_1_41' title='bbox 1001 673 1149 725; x_wconf 83' lang='lat' dir='ltr'>quibus</span> 
     </span>
     <span class='ocr_line' id='line_1_8' title="bbox 153 740 1151 795; baseline 0.001 -14"><span class='ocrx_word' id='word_1_42' title='bbox 153 741 402 795; x_wconf 87' lang='lat' dir='ltr'>principium</span> <span class='ocrx_word' id='word_1_43' title='bbox 427 740 528 780; x_wconf 84' lang='lat' dir='ltr'>illud</span> <span class='ocrx_word' id='word_1_44' title='bbox 554 740 687 781; x_wconf 81' lang='lat' dir='ltr'><strong>valere</strong></span> <span class='ocrx_word' id='word_1_45' title='bbox 726 742 895 794; x_wconf 79' lang='lat' dir='ltr'>nequit,</span> <span class='ocrx_word' id='word_1_46' title='bbox 940 753 1061 794; x_wconf 83' lang='lat' dir='ltr'>atque</span> <span class='ocrx_word' id='word_1_47' title='bbox 1098 754 1151 784; x_wconf 80' lang='lat' dir='ltr'>ex</span> 
     </span>
     <span class='ocr_line' id='line_1_9' title="bbox 152 810 1151 865; baseline 0.003 -15"><span class='ocrx_word' id='word_1_48' title='bbox 152 811 389 865; x_wconf 76' lang='lat' dir='ltr'>principio,</span> <span class='ocrx_word' id='word_1_49' title='bbox 435 810 547 863; x_wconf 85' lang='lat' dir='ltr'>quod</span> <span class='ocrx_word' id='word_1_50' title='bbox 587 822 664 864; x_wconf 88' lang='lat' dir='ltr'>pro</span> <span class='ocrx_word' id='word_1_51' title='bbox 702 822 798 850; x_wconf 87' lang='lat' dir='ltr'>vero</span> <span class='ocrx_word' id='word_1_52' title='bbox 824 811 903 864; x_wconf 86' lang='lat' dir='ltr'>jam</span> <span class='ocrx_word' id='word_1_53' title='bbox 933 823 1151 864; x_wconf 85' lang='lat' dir='ltr'>acceptum</span> 
     </span>
     <span class='ocr_line' id='line_1_10' title="bbox 154 878 1152 932; baseline 0 -10"><span class='ocrx_word' id='word_1_54' title='bbox 154 892 243 932; x_wconf 84' lang='lat' dir='ltr'><strong>est,</strong></span> <span class='ocrx_word' id='word_1_55' title='bbox 303 879 431 920; x_wconf 84' lang='lat' dir='ltr'>statim</span> <span class='ocrx_word' id='word_1_56' title='bbox 477 878 658 932; x_wconf 55' lang='lat' dir='ltr'>sequitur</span> <span class='ocrx_word' id='word_1_57' title='bbox 712 880 919 922; x_wconf 87' lang='lat' dir='ltr'>conclufio</span> <span class='ocrx_word' id='word_1_58' title='bbox 957 882 1006 921; x_wconf 85' lang='lat' dir='ltr'>ad</span> <span class='ocrx_word' id='word_1_59' title='bbox 1040 881 1152 923; x_wconf 82' lang='lat' dir='ltr'>aliud</span> 
     </span>
     <span class='ocr_line' id='line_1_11' title="bbox 154 949 1152 1007; baseline 0.002 -15"><span class='ocrx_word' id='word_1_60' title='bbox 154 952 401 1007; x_wconf 84' lang='lat' dir='ltr'>principium</span> <span class='ocrx_word' id='word_1_61' title='bbox 420 982 432 1000; x_wconf 86' lang='lat'>‚</span> <span class='ocrx_word' id='word_1_62' title='bbox 463 949 576 1002; x_wconf 90' lang='lat' dir='ltr'>quod</span> <span class='ocrx_word' id='word_1_63' title='bbox 604 952 740 1002; x_wconf 83' lang='lat' dir='ltr'>itaque</span> <span class='ocrx_word' id='word_1_64' title='bbox 769 953 887 992; x_wconf 83' lang='lat' dir='ltr'>ctiam</span> <span class='ocrx_word' id='word_1_65' title='bbox 911 964 1047 993; x_wconf 84' lang='lat' dir='ltr'><strong>verum</strong></span> <span class='ocrx_word' id='word_1_66' title='bbox 1065 951 1152 995; x_wconf 82' lang='lat' dir='ltr'>esse</span> 
     </span>
     <span class='ocr_line' id='line_1_12' title="bbox 156 1019 1150 1072; baseline 0 -10"><span class='ocrx_word' id='word_1_67' title='bbox 156 1022 290 1063; x_wconf 86' lang='lat' dir='ltr'>debet.</span> <span class='ocrx_word' id='word_1_68' title='bbox 358 1019 414 1059; x_wconf 84' lang='lat' dir='ltr'>Et</span> <span class='ocrx_word' id='word_1_69' title='bbox 453 1020 504 1060; x_wconf 87' lang='lat' dir='ltr'>fic</span> <span class='ocrx_word' id='word_1_70' title='bbox 548 1032 621 1072; x_wconf 78' lang='lat' dir='ltr'>per</span> <span class='ocrx_word' id='word_1_71' title='bbox 661 1019 801 1060; x_wconf 86' lang='lat' dir='ltr'>seriem</span> <span class='ocrx_word' id='word_1_72' title='bbox 844 1021 1150 1062; x_wconf 75' lang='lat' dir='ltr'>conclusionum</span> 
     </span>
     <span class='ocr_line' id='line_1_13' title="bbox 155 1089 1152 1146; baseline -0.001 -14"><span class='ocrx_word' id='word_1_73' title='bbox 155 1104 207 1134; x_wconf 85' lang='lat' dir='ltr'>ex</span> <span class='ocrx_word' id='word_1_74' title='bbox 231 1089 418 1145; x_wconf 79' lang='lat' dir='ltr'>originali</span> <span class='ocrx_word' id='word_1_75' title='bbox 449 1089 624 1142; x_wconf 85' lang='lat' dir='ltr'>quodam</span> <span class='ocrx_word' id='word_1_76' title='bbox 667 1092 899 1144; x_wconf 82' lang='lat' dir='ltr'>principio,</span> <span class='ocrx_word' id='word_1_77' title='bbox 919 1104 921 1106; x_wconf 79' lang='grc'><strong>’</strong></span> <span class='ocrx_word' id='word_1_78' title='bbox 943 1092 1055 1146; x_wconf 88' lang='lat' dir='ltr'>quod</span> <span class='ocrx_word' id='word_1_79' title='bbox 1084 1103 1152 1132; x_wconf 90' lang='lat' dir='ltr'>ve-</span> 
     </span>
     <span class='ocr_line' id='line_1_14' title="bbox 155 1160 1151 1216; baseline -0.002 -13"><span class='ocrx_word' id='word_1_80' title='bbox 155 1175 244 1203; x_wconf 88' lang='lat' dir='ltr'>rum</span> <span class='ocrx_word' id='word_1_81' title='bbox 276 1162 359 1201; x_wconf 84' lang='lat' dir='ltr'>esse</span> <span class='ocrx_word' id='word_1_82' title='bbox 386 1172 458 1213; x_wconf 87' lang='lat' dir='ltr'>per</span> <span class='ocrx_word' id='word_1_83' title='bbox 489 1160 527 1199; x_wconf 88' lang='lat' dir='ltr'>se</span> <span class='ocrx_word' id='word_1_84' title='bbox 567 1171 706 1212; x_wconf 81' lang='lat' dir='ltr'>patet,</span> <span class='ocrx_word' id='word_1_85' title='bbox 753 1174 844 1202; x_wconf 88' lang='lat' dir='ltr'>cum</span> <span class='ocrx_word' id='word_1_86' title='bbox 873 1163 958 1216; x_wconf 85' lang='lat' dir='ltr'>ejus</span> <span class='ocrx_word' id='word_1_87' title='bbox 990 1173 1151 1203; x_wconf 80' lang='lat' dir='ltr'>conti-a-</span> 
     </span>
     <span class='ocr_line' id='line_1_15' title="bbox 155 1231 1152 1282; baseline 0 -10"><span class='ocrx_word' id='word_1_88' title='bbox 155 1235 260 1273; x_wconf 85' lang='lat' dir='ltr'>rium</span> <span class='ocrx_word' id='word_1_89' title='bbox 302 1231 385 1271; x_wconf 83' lang='lat' dir='ltr'>dari</span> <span class='ocrx_word' id='word_1_90' title='bbox 426 1241 624 1282; x_wconf 79' lang='lat' dir='ltr'><strong>nequeat,</strong></span> <span class='ocrx_word' id='word_1_91' title='bbox 665 1231 900 1272; x_wconf 86' lang='lat' dir='ltr'>immensum</span> <span class='ocrx_word' id='word_1_92' title='bbox 941 1231 1044 1272; x_wconf 87' lang='lat' dir='ltr'>illud</span> <span class='ocrx_word' id='word_1_93' title='bbox 1086 1244 1152 1272; x_wconf 83' lang='lat' dir='ltr'>ae—</span> 
     </span>
     <span class='ocr_line' id='line_1_16' title="bbox 157 1299 1154 1349; baseline 0 -7"><span class='ocrx_word' id='word_1_94' title='bbox 157 1301 339 1349; x_wconf 84' lang='lat' dir='ltr'>dificium</span> <span class='ocrx_word' id='word_1_95' title='bbox 367 1299 973 1344; x_wconf 79' lang='lat' dir='ltr'>mathematicarum-veritatum</span> <span class='ocrx_word' id='word_1_96' title='bbox 1014 1315 1154 1343; x_wconf 82' lang='lat' dir='ltr'>erexe-</span> 
     </span>
     <span class='ocr_line' id='line_1_17' title="bbox 158 1370 1154 1426; baseline 0 -13"><span class='ocrx_word' id='word_1_97' title='bbox 158 1381 250 1413; x_wconf 90' lang='lat' dir='ltr'>runt</span> <span class='ocrx_word' id='word_1_98' title='bbox 278 1370 489 1420; x_wconf 59' lang='lat' dir='ltr'>hominem,</span> <span class='ocrx_word' id='word_1_99' title='bbox 521 1382 688 1423; x_wconf 87' lang='lat' dir='ltr'>quarum</span> <span class='ocrx_word' id='word_1_100' title='bbox 714 1385 793 1424; x_wconf 85' lang='lat' dir='ltr'>ope</span> <span class='ocrx_word' id='word_1_101' title='bbox 818 1385 996 1414; x_wconf 83' lang='lat' dir='ltr'><strong>naturam</strong></span> <span class='ocrx_word' id='word_1_102' title='bbox 1027 1372 1154 1426; x_wconf 83' lang='lat' dir='ltr'>ipsam</span> 
     </span>
     <span class='ocr_line' id='line_1_18' title="bbox 159 1438 1155 1498; baseline 0.003 -18"><span class='ocrx_word' id='word_1_103' title='bbox 159 1438 464 1494; x_wconf 85' lang='lat' dir='ltr'>quodammodo</span> <span class='ocrx_word' id='word_1_104' title='bbox 516 1438 587 1479; x_wconf 87' lang='lat' dir='ltr'>suo</span> <span class='ocrx_word' id='word_1_105' title='bbox 646 1440 830 1483; x_wconf 86' lang='lat' dir='ltr'>dominio</span> <span class='ocrx_word' id='word_1_106' title='bbox 883 1443 1155 1498; x_wconf 80' lang='lat' dir='ltr'><strong>subjecerunt.</strong></span> 
     </span>
     <span class='ocr_line' id='line_1_19' title="bbox 161 1501 1156 1565; baseline 0.001 -15"><span class='ocrx_word' id='word_1_107' title='bbox 161 1506 338 1565; x_wconf 87' lang='lat' dir='ltr'>Quando</span> <span class='ocrx_word' id='word_1_108' title='bbox 379 1520 512 1549; x_wconf 83' lang='lat' dir='ltr'>autem</span> <span class='ocrx_word' id='word_1_109' title='bbox 550 1509 599 1549; x_wconf 85' lang='lat' dir='ltr'>de</span> <span class='ocrx_word' id='word_1_110' title='bbox 638 1505 836 1552; x_wconf 82' lang='lat' dir='ltr'>historico</span> <span class='ocrx_word' id='word_1_111' title='bbox 875 1512 937 1552; x_wconf 91' lang='lat' dir='ltr'>vel</span> <span class='ocrx_word' id='word_1_112' title='bbox 970 1501 1156 1565; x_wconf 83' lang='lat' dir='ltr'>judiciali</span> 
     </span>
     <span class='ocr_line' id='line_1_20' title="bbox 159 1579 1154 1635; baseline 0.002 -14"><span class='ocrx_word' id='word_1_113' title='bbox 159 1592 260 1622; x_wconf 89' lang='lat' dir='ltr'>vero</span> <span class='ocrx_word' id='word_1_114' title='bbox 286 1580 415 1621; x_wconf 86' lang='lat' dir='ltr'>sermo</span> <span class='ocrx_word' id='word_1_115' title='bbox 444 1591 531 1624; x_wconf 70' lang='lat' dir='ltr'>est,</span> <span class='ocrx_word' id='word_1_116' title='bbox 564 1591 626 1619; x_wconf 85' lang='lat' dir='ltr'>res</span> <span class='ocrx_word' id='word_1_117' title='bbox 651 1579 774 1635; x_wconf 79' lang='lat' dir='ltr'>longe</span> <span class='ocrx_word' id='word_1_118' title='bbox 801 1581 917 1622; x_wconf 82' lang='lat' dir='ltr'>aliter</span> <span class='ocrx_word' id='word_1_119' title='bbox 944 1582 982 1621; x_wconf 88' lang='lat' dir='ltr'>se</span> <span class='ocrx_word' id='word_1_120' title='bbox 1018 1582 1154 1633; x_wconf 60' lang='lat' dir='ltr'>habet.</span> 
     </span>
     <span class='ocr_line' id='line_1_21' title="bbox 160 1650 1159 1708; baseline 0.001 -16"><span class='ocrx_word' id='word_1_121' title='bbox 160 1650 281 1692; x_wconf 89' lang='lat' dir='ltr'>Tunc</span> <span class='ocrx_word' id='word_1_122' title='bbox 308 1651 514 1708; x_wconf 9' lang='lat' dir='ltr'>enimssnon</span> <span class='ocrx_word' id='word_1_123' title='bbox 540 1662 595 1699; x_wconf 36' lang='lat' dir='ltr'>ex,</span> <span class='ocrx_word' id='word_1_124' title='bbox 617 1654 787 1698; x_wconf 78' lang='lat' dir='ltr'>aeternis</span> <span class='ocrx_word' id='word_1_125' title='bbox 812 1653 1056 1705; x_wconf 75' lang='lat' dir='ltr'>principiis,</span> <span class='ocrx_word' id='word_1_126' title='bbox 1090 1652 1159 1693; x_wconf 87' lang='lat' dir='ltr'>sed</span> 
     </span>
     <span class='ocr_line' id='line_1_22' title="bbox 163 1720 1157 1774; baseline 0 -12"><span class='ocrx_word' id='word_1_127' title='bbox 163 1732 214 1762; x_wconf 84' lang='lat' dir='ltr'>ex</span> <span class='ocrx_word' id='word_1_128' title='bbox 240 1720 390 1771; x_wconf 79' lang='lat' dir='ltr'>factis,</span> <span class='ocrx_word' id='word_1_129' title='bbox 435 1720 584 1772; x_wconf 80' lang='lat' dir='ltr'>aliqua.</span> <span class='ocrx_word' id='word_1_130' title='bbox 613 1721 768 1760; x_wconf 83' lang='lat' dir='ltr'>ratione</span> <span class='ocrx_word' id='word_1_131' title='bbox 812 1721 967 1774; x_wconf 81' lang='lat' dir='ltr'><strong>semper</strong></span> <span class='ocrx_word' id='word_1_132' title='bbox 993 1721 1157 1771; x_wconf 86' lang='lat' dir='ltr'>dubiis,</span> 
     </span>
     <span class='ocr_line' id='line_1_23' title="bbox 152 1790 1160 1845; baseline 0 -12"><span class='ocrx_word' id='word_1_133' title='bbox 152 1792 363 1845; x_wconf 69' lang='lat' dir='ltr'>‚agendum</span> <span class='ocrx_word' id='word_1_134' title='bbox 414 1803 498 1830; x_wconf 81' lang='lat' dir='ltr'>est:</span> <span class='ocrx_word' id='word_1_135' title='bbox 544 1790 807 1831; x_wconf 82' lang='lat' dir='ltr'>nihilominus</span> <span class='ocrx_word' id='word_1_136' title='bbox 848 1792 1014 1832; x_wconf 78' lang='lat' dir='ltr'>eandem</span> <span class='ocrx_word' id='word_1_137' title='bbox 1072 1793 1160 1833; x_wconf 84' lang='lat' dir='ltr'><strong>fere</strong></span> 
     </span>
     <span class='ocr_line' id='line_1_24' title="bbox 164 1861 1160 1914; baseline 0.002 -12"><span class='ocrx_word' id='word_1_138' title='bbox 164 1874 348 1902; x_wconf 85' lang='lat' dir='ltr'><strong>normam</strong></span> <span class='ocrx_word' id='word_1_139' title='bbox 376 1861 487 1914; x_wconf 86' lang='lat' dir='ltr'>sequi</span> <span class='ocrx_word' id='word_1_140' title='bbox 512 1874 586 1901; x_wconf 91' lang='lat' dir='ltr'>nos</span> <span class='ocrx_word' id='word_1_141' title='bbox 612 1873 804 1913; x_wconf 78' lang='lat' dir='ltr'>oportet..</span> <span class='ocrx_word' id='word_1_142' title='bbox 847 1873 967 1914; x_wconf 86' lang='lat' dir='ltr'>atque</span> <span class='ocrx_word' id='word_1_143' title='bbox 995 1874 1047 1902; x_wconf 83' lang='lat' dir='ltr'>ex</span> <span class='ocrx_word' id='word_1_144' title='bbox 1074 1863 1160 1904; x_wconf 85' lang='lat' dir='ltr'>fac-</span> 
     </span>
     <span class='ocr_line' id='line_1_25' title="bbox 167 1932 1161 1987; baseline -0.001 -12"><span class='ocrx_word' id='word_1_145' title='bbox 167 1945 238 1982; x_wconf 82' lang='lat' dir='ltr'>to,</span> <span class='ocrx_word' id='word_1_146' title='bbox 270 1932 381 1986; x_wconf 82' lang='lat' dir='ltr'>quod</span> <span class='ocrx_word' id='word_1_147' title='bbox 405 1933 486 1987; x_wconf 82' lang='lat' dir='ltr'>jam</span> <span class='ocrx_word' id='word_1_148' title='bbox 517 1945 592 1985; x_wconf 90' lang='lat' dir='ltr'>pro</span> <span class='ocrx_word' id='word_1_149' title='bbox 623 1945 720 1972; x_wconf 84' lang='lat' dir='ltr'>vero</span> <span class='ocrx_word' id='word_1_150' title='bbox 749 1943 962 1983; x_wconf 82' lang='lat' dir='ltr'>acceptum</span> <span class='ocrx_word' id='word_1_151' title='bbox 990 1944 1078 1982; x_wconf 78' lang='lat' dir='ltr'><strong>est,</strong></span> <span class='ocrx_word' id='word_1_152' title='bbox 1111 1933 1161 1974; x_wconf 82' lang='lat' dir='ltr'>ad</span> 
     </span>
     <span class='ocr_line' id='line_1_26' title="bbox 167 2002 1163 2061; baseline 0 -17"><span class='ocrx_word' id='word_1_153' title='bbox 167 2004 375 2044; x_wconf 66' lang='lat' dir='ltr'>veritatem</span> <span class='ocrx_word' id='word_1_154' title='bbox 417 2014 499 2061; x_wconf 16' lang='lat' dir='ltr'>aut}</span> <span class='ocrx_word' id='word_1_155' title='bbox 524 2003 853 2056; x_wconf 77' lang='lat' dir='ltr'>probabilitatem</span> <span class='ocrx_word' id='word_1_156' title='bbox 893 2002 1057 2043; x_wconf 76' lang='lat' dir='ltr'>alterius</span> <span class='ocrx_word' id='word_1_157' title='bbox 1092 2017 1163 2045; x_wconf 89' lang='lat' dir='ltr'>cu-</span> 
     </span>
     <span class='ocr_line' id='line_1_27' title="bbox 130 2066 1160 2130; baseline 0.001 -16"><span class='ocrx_word' id='word_1_158' title='bbox 130 2066 133 2069; x_wconf 34' lang='lat'><em>*</em></span> <span class='ocrx_word' id='word_1_159' title='bbox 165 2074 322 2130; x_wconf 76' lang='lat' dir='ltr'><strong>jusdam</strong></span> <span class='ocrx_word' id='word_1_160' title='bbox 362 2073 460 2113; x_wconf 81' lang='lat' dir='ltr'>facti</span> <span class='ocrx_word' id='word_1_161' title='bbox 502 2073 830 2115; x_wconf 83' lang='lat' dir='ltr'><strong>concludendum</strong></span> <span class='ocrx_word' id='word_1_162' title='bbox 875 2085 947 2113; x_wconf 87' lang='lat' dir='ltr'>est.</span> <span class='ocrx_word' id='word_1_163' title='bbox 1009 2069 1061 2115; x_wconf 87' lang='lat' dir='ltr'>V.</span> <span class='ocrx_word' id='word_1_164' title='bbox 1100 2088 1160 2129; x_wconf 78' lang='lat' dir='ltr'>gr.</span> 
     </span>
     <span class='ocr_line' id='line_1_28' title="bbox 169 2144 1160 2198; baseline 0.002 -13"><span class='ocrx_word' id='word_1_165' title='bbox 169 2146 282 2185; x_wconf 89' lang='lat' dir='ltr'>omni</span> <span class='ocrx_word' id='word_1_166' title='bbox 327 2144 452 2184; x_wconf 88' lang='lat' dir='ltr'>dubio</span> <span class='ocrx_word' id='word_1_167' title='bbox 496 2144 621 2198; x_wconf 83' lang='lat' dir='ltr'>majus</span> <span class='ocrx_word' id='word_1_168' title='bbox 657 2157 743 2193; x_wconf 79' lang='lat' dir='ltr'><strong>est,</strong></span> <span class='ocrx_word' id='word_1_169' title='bbox 788 2151 907 2192; x_wconf 80' lang='lat' dir='ltr'><strong>eum,</strong></span> <span class='ocrx_word' id='word_1_170' title='bbox 940 2146 1009 2196; x_wconf 84' lang='lat' dir='ltr'>qui</span> <span class='ocrx_word' id='word_1_171' title='bbox 1039 2144 1160 2187; x_wconf 83' lang='lat' dir='ltr'>alicui</span> 
     </span>
     <span class='ocr_line' id='line_1_29' title="bbox 169 2202 1162 2270; baseline 0.003 -16"><span class='ocrx_word' id='word_1_172' title='bbox 169 2213 306 2270; x_wconf 87' lang='lat' dir='ltr'>gladio</span> <span class='ocrx_word' id='word_1_173' title='bbox 340 2225 484 2268; x_wconf 87' lang='lat' dir='ltr'>pectus</span> <span class='ocrx_word' id='word_1_174' title='bbox 526 2202 750 2266; x_wconf 64' lang='lat' dir='ltr'>tr&#39;zinsfixit,</span> <span class='ocrx_word' id='word_1_175' title='bbox 792 2215 879 2269; x_wconf 89' lang='lat' dir='ltr'>ejus</span> <span class='ocrx_word' id='word_1_176' title='bbox 915 2217 1037 2257; x_wconf 90' lang='lat' dir='ltr'>morti</span> <span class='ocrx_word' id='word_1_177' title='bbox 1067 2230 1162 2264; x_wconf 53' lang='lat' dir='ltr'>cath</span> 
     </span>
    </p>

    <p class='ocr_par' dir='ltr' id='par_1_3' title="bbox 1082 2286 1163 2328">
     <span class='ocr_line' id='line_1_30' title="bbox 1082 2286 1163 2328; baseline 0.025 -2"><span class='ocrx_word' id='word_1_178' title='bbox 1082 2286 1163 2328; x_wconf 86' lang='lat' dir='ltr'>sam</span> 
     </span>
    </p>
   </div>
  </div>
 </body>
</html>
