1513 2734
673 124 896 180 (ιε)

214 262 423 319 fontium,
447 268 698 314 puteorum,
723 258 976 313 fluminum,
1001 258 1241 318 fossarum,
1255 263 1354 317 pis-

221 334 419 374 cinarum
437 359 450 379 ,
474 329 680 383 pluviae,
709 330 871 383 glaciei
897 342 937 371 et
963 333 1086 372 nivis.
1303 374 1305 377 f

276 399 396 453 Aqua
437 398 612 452 fontium
653 407 694 437 et
729 411 945 450 puteorum
986 402 1185 443 interdum
1227 402 1352 441 maxi-

218 482 325 511 mam
367 479 521 522 partem
561 467 754 520 sulphatis
781 469 905 510 calcis
940 472 1150 518 continet,
1192 471 1353 529 insuper

217 540 326 597 vari-a
355 537 454 588 alia,
485 537 676 590 quorsum
700 538 897 580 carbonas
921 540 1070 591 calcis,
1102 540 1352 592 hydrochlo-

220 621 284 649 ras
314 607 460 655 sodae,
492 606 581 647 rell.

275 675 395 729 Aqua
418 675 625 717 fluminum
655 677 760 718 inter
784 677 899 731 plura
930 679 1022 720 salia
1043 680 1241 732 imprimis
1271 678 1354 720 cal·

215 748 324 792 caria
349 747 558 796 continet,
590 746 703 788 fimul
730 760 824 789 cum
852 750 1028 789 materiis
1056 736 1353 804 vegetabilibus

216 827 259 856 et
282 816 540 858 animalibus.

276 887 395 940 Aqua
433 887 628 941 fossarum
669 898 710 927 et
749 887 995 939 piscinarum
1038 885 1154 940 plura
1179 900 1356 940 corpora

218 955 462 1010 vegetabilia
502 966 543 995 et
582 953 768 996 animalia
797 968 988 998 contenta
1026 957 1176 1007 habet,
1222 959 1354 998 minus

215 1039 317 1067 vero
349 1025 483 1066 salina.

268 1096 396 1150 ‘Aqua
436 1095 595 1150 pluviae
637 1096 819 1136 omnium
861 1097 1072 1138 minimum
1107 1095 1233 1136 scatet
1263 1093 1355 1135 sub-

219 1166 368 1208 stantiis
399 1164 566 1213 solutiS‚
599 1164 710 1217 quod
739 1167 858 1206 etiam
886 1165 994 1206 valet
1021 1166 1071 1207 de
1095 1178 1198 1218 aqua
1225 1165 1354 1215 nivis;

219 1250 358 1278 verum
400 1235 546 1290 glaciei
588 1233 725 1274 differt*
750 1246 833 1288 ‘pro
870 1245 1010 1276 natura
1049 1235 1170 1288 ipfius
1197 1247 1353 1287 aquae,

220 1309 262 1347 in
301 1307 472 1361 glaciem
513 1302 756 1345 conversae:
801 1305 946 1344 ceteris
983 1315 1116 1344 autem
1155 1305 1352 1357 paribus,

220 1389 351 1429 aqua,
394 1388 415 1415 a
450 1374 580 1429 glacie
620 1373 706 1414 fusa
745 1373 948 1422 collecta,
999 1374 1142 1427 purior
1187 1373 1357 1415 habetur

221 1445 307 1499 ipsa
331 1458 458 1498 aqua,
501 1456 550 1485 ex
578 1456 656 1496 qua
683 1442 836 1496 glacies
866 1443 944 1483 fuit
968 1443 1168 1490 formata,
1213 1444 1354 1496 quod,

222 1531 245 1558 a
275 1516 311 1558 C
330 1529 354 1557 o
373 1507 509 1556 oki⁷o
549 1513 631 1568 jam
661 1512 944 1565 observatum,
989 1513 1096 1567 apud
1130 1514 1258 1568 ipsum
1291 1525 1355 1555 me

223 1586 358 1641 legere
388 1583 565 1625 memini.

730 1651 754 1704 §
786 1650 842 1693 II.

281 1792 416 1835 Ratio
448 1792 690 1835 inveniendi
721 1800 902 1846 corpora
931 1803 1049 1848 aqua
1078 1802 1286 1835 contenta.

285 1934 509 1977 Praese-ntia
553 1942 772 1986 corporum
789 1960 802 1978 ‚
848 1943 950 1985 aqua
1003 1931 1253 1982 solutorum,
1300 1933 1356 1989 se-

231 2006 368 2060 quen'ti
399 2004 636 2057 exploratur
663 2003 835 2043 ratione.

263 2103 265 2110 .
289 2077 356 2117 Ad
384 2074 631 2128 exygenium
662 2071 1003 2113 determinandum
1030 2073 1212 2114 universe
1239 2073 1358 2114 inser-

1303 2154 1358 2182 νι-
