1513 2734
753 126 1010 184 (100)

380 261 574 304 Romano
611 261 759 318 aliquis
798 267 840 306 in
877 265 1035 320 Judicio
1087 264 1381 310 condemnatur

377 332 428 373 ad
465 332 771 387 praestationem
810 334 1095 377 alimentorum
1133 339 1173 377 in
1209 339 1379 392 gratiam

376 401 540 444 alterius
568 404 790 458 cujusdam.
863 403 1024 448 Exinde
1048 405 1378 459 praesumendum

374 471 561 523 videtur,
589 474 770 528 judicem
797 475 990 517 sententifi
1025 475 1091 517 suti
1123 476 1396 529 pronuntias-'

374 541 444 593 se,
482 545 752 597 posteriorem
790 548 939 599 prioris
967 545 1052 587 esse
1084 545 1240 594 filium,
1284 557 1379 586 cum

369 612 554 666 alioquin
576 615 831 668 praestationi
851 617 1134 657 alimentorum
1156 615 1275 657 locus
1294 613 1387 655 esse¹

369 693 544 736 nequeat
571 683 667 738 (1).
727 686 807 727 Sed
836 686 904 728 hic
925 699 1007 727 non
1035 687 1104 728 nifi
1134 698 1207 739 per
1234 683 1379 726 conse-

369 755 585 806 quentiam·
618 756 942 811 praeJ‘udicatum'
981 769 1073 797 eum
1106 755 1192 796 esse
1218 754 1378 804 filium,

370 823 555 877 adeoque
570 854 584 875 ,
616 838 712 867 cum
738 827 858 869 status
874 827 1086 868 hominum
1107 824 1375 881 praejudicari

370 904 454 934 non
481 893 655 945 debeat,
684 897 849 938 necesse
879 907 963 936 non
1001 906 1094 945 est,
1135 905 1181 936 ut
1222 896 1294 948 qui
1335 896 1378 935 in

369 962 464 1004 casu
478 961 642 1004 laudato
657 965 846 1008 alimenta
860 965 1179 1009 consecutusest
1191 995 1205 1015 ‚
1226 965 1267 1005 in
1286 965 1380 1020 jure

369 1046 448 1086 pro
464 1033 551 1075 filio
566 1034 760 1077 habeatur
776 1036 872 1091 (2).
917 1036 1095 1091 Quando
1118 1045 1253 1076 autem
1275 1034 1377 1076 dici-

369 1115 488 1151 mus,
527 1106 808 1159 principaliter
835 1108 884 1149 de
916 1107 1016 1148 statu
1049 1107 1091 1146 in
1113 1098 1278 1160 judicio
1309 1104 1377 1158 agi

367 1172 545 1223 debere,
591 1175 684 1217 inde
711 1189 792 1218 non
822 1178 1029 1232 sequitur,
1067 1175 1108 1216 id
1136 1187 1221 1216 non
1246 1183 1377 1227 aeque

367 1253 443 1296 per
482 1247 770 1298 exceptionem
811 1252 935 1302 quam
958 1260 1032 1302 per
1058 1247 1263 1302 actionem
1289 1242 1377 1284 fieri

368 1313 502 1366 posse.
562 1315 640 1357 Per
667 1319 872 1359 actionem
901 1318 972 1367 fit,
1011 1318 1038 1359 fi
1068 1316 1159 1371 quis
1182 1328 1205 1355 a
1226 1313 1378 1369 judici·

367 1383 444 1425 bus
458 1396 592 1438 petat,
616 1400 655 1428 v.
670 1401 730 1442 gr.
747 1400 790 1430 ut
806 1389 894 1444 ipse
913 1388 1076 1430 alterius
1099 1384 1307 1441 enjusdam
1329 1382 1377 1424 fi-

367 1453 445 1495 lius
464 1458 787 1508 pronuncictur3
819 1471 893 1512 per
905 1458 1193 1510 exceptionem
1209 1464 1375 1502 contra,

366 1524 394 1564 fi
425 1525 492 1575 ei,
525 1527 595 1579 qui
608 1528 714 1580 petit
730 1541 768 1568 v.
784 1541 844 1583 gr.
863 1527 1157 1569 succesfionem
1180 1524 1344 1566 alterius
1359 1552 1374 1572 ‚

368 1596 446 1648 qua
490 1597 618 1650 patris·
659 1598 745 1647 sui,
779 1598 1030 1652 objiciatur,
1059 1606 1152 1636 eum
1177 1605 1263 1635 non
1288 1592 1375 1634 esse
1439 1628 1441 1632 ,

367 1664 497 1706 filium
526 1665 753 1720 legitimum
786 1664 882 1721 (3).

154 1721 358 1809 h22f⁰m
426 1735 481 1778 ΙΙ.
512 1736 681 1787 Altera,
713 1750 816 1791 quae
843 1736 961 1792 hujus
989 1735 1073 1776 loci
1100 1744 1191 1785 est,
1232 1743 1374 1787 quaes-

593 1806 604 1811 ‘
1314 1804 1374 1844 tio

405 1885 470 1932 (1)
493 1886 570 1922 Vid.
590 1889 612 1922 1.
640 1897 674 1931 5.
703 1889 720 1932 §
747 1888 779 1922 8.
798 1886 843 1931 ffl
870 1887 908 1920 de
935 1886 1067 1930 Agnosc.
1090 1884 1146 1918 lib.

406 1941 470 1987 (τι)
493 1944 571 1978 Vid.
614 1945 771 1978 Divus
809 1944 1041 1982 Marcus,
1079 1941 1199 1974 citatus
1228 1938 1267 1972 ab
1297 1937 1370 1971 Ul-

357 2012 380 2046 p
396 2001 405 2034 i
420 2010 470 2034 an
486 2011 508 2035 o
532 2002 563 2034 in
583 1999 616 2035 d.
646 2003 667 2035 1.
689 2011 721 2045 5.
746 2003 763 2046 §
788 2012 823 2045 9.
851 2000 965 2044 ibique
994 2000 1200 2043 Inter-pretes.

405 2055 469 2102 (3)
508 2057 583 2093 vid.
627 2067 699 2101 cap.
741 2068 775 2102 5.
810 2057 849 2092 Χ.
882 2060 939 2101 qui
962 2057 1027 2099 filii
1049 2056 1114 2101 sint
1140 2056 1199 2098 leg.
1266 2052 1370 2086 Conf-

358 2113 390 2148 d'
406 2116 436 2148 Α
450 2124 472 2157 g
485 2125 506 2149 U
525 2125 543 2148 e
560 2125 574 2149 ⁵
588 2115 608 2149 s
616 2124 634 2150 e
649 2125 667 2149 a
680 2124 702 2149 u
716 2139 728 2157 ,
752 2115 912 2157 Οετιννες,
936 2115 1011 2150 Vol.
1057 2113 1101 2149 ΙΙ.
1133 2110 1224 2146 causti
1260 2107 1369 2154 (plai-

358 2171 469 2217 doyer)
498 2182 555 2215 23.
