1513 2734
600 94 637 171 (”
692 127 770 171 109
827 115 854 171 >

185 251 469 306 aliorumque,
500 251 681 295 distantia
707 267 835 308 aquae
860 256 901 297 in
931 254 1045 296 fonte
1086 266 1109 294 a
1152 254 1320 308 superfi-

184 325 250 363 cie
278 322 462 374 tenuris,
496 334 763 377 temperatura
780 356 793 374 ,
823 326 997 366 anrteeti
1025 326 1125 376 fint,
1155 313 1318 369 tatidem

184 393 356 442 modus,
388 406 473 447 quo
502 407 604 447 aqua
633 395 877 436 exhauritur.

171 497 183 499 t
242 463 330 504 Soli
368 464 573 518 qualitas.
648 464 716 506 De
749 464 824 505 hac
863 464 990 506 modo
1024 466 1111 520 jam
1144 466 1321 517 vidimus

182 544 276 588 pag.
310 547 419 585 1043
451 533 865 582 addendumautem,
897 535 964 577 hic
994 549 1113 589 quam
1145 539 1322 584 maxime

181 605 223 643 in
239 604 402 644 censum
425 606 588 652 venire,
620 617 717 644 num
746 603 972 646 fabulosum
1004 608 1049 647 fit
1074 606 1204 648 solum
1222 638 1235 657 ‚
1265 621 1320 652 ex

181 686 265 726 quo
296 674 499 728 scaturigo
529 675 710 722 oriatur,
742 685 817 713 nec
845 686 922 723 ne,
956 678 1148 728 quoniam
1184 679 1318 719 omnis

178 755 281 797 aqua
310 744 413 784 hanc
443 755 600 783 arenam
618 772 630 791 ‚
663 743 703 782 in
729 742 859 783 fundo
887 746 1084 796 positam,
1117 759 1317 803 transgre-

178 813 218 857 di
247 813 394 861 debet,
426 823 547 864 atque
575 811 679 852 adeo
704 824 822 853 arena
849 824 1037 868 tanquam
1066 815 1198 869 lapis,
1241 830 1316 858 no-

176 882 240 924 bis
266 871 449 938 leksteerr
470 881 602 922 dictus
619 912 633 931 ‚
663 883 775 936 agit,
806 882 913 924 unde
941 884 1162 938 limpitudo
1187 900 1316 941 aquae

176 953 350 994 maxime
385 951 562 1006 pendere
591 951 776 994 ‘'videtur.
851 952 974 997 Hinc·
1001 969 1168 1010 quoque
1209 959 1315 998 ratio

174 1023 378 1076 petenda,
411 1035 511 1071 cur,
553 1023 580 1063 fi
617 1034 695 1064 una
732 1021 860 1063 aliave
900 1026 1056 1066 ratione
1094 1026 1316 1080 limpitudo

174 1105 302 1145 aquae
343 1091 465 1134 fuerit
510 1091 678 1140 amissa,
732 1094 907 1146 operarii
946 1095 1115 1149 jubeant
1153 1109 1314 1139 arenam

175 1161 283 1204 fonti
311 1163 480 1217 injicere
497 1192 509 1211 ‚
541 1172 585 1202 ut
607 1161 847 1204 restituatur.
907 1162 1018 1207 Cum
1044 1165 1180 1209 fructu
1209 1181 1314 1222 quo-

137 1252 139 1258 =
175 1244 256 1286 que
283 1244 363 1285 ego
389 1231 470 1272 hoc
501 1231 684 1272 adhiberi
713 1233 811 1274 vidi.

233 1301 542 1355 Propinquitas
564 1301 793 1355 flaminum
823 1305 1105 1360 aliorumque.
1168 1308 1210 1348 Si
1240 1308 1315 1349 flu-

176 1374 283 1419 mina
305 1373 344 1412 in
372 1374 610 1425 propinquo
638 1371 755 1421 sunt,
787 1384 908 1427 atque
935 1388 1038 1428 aqua
1064 1376 1192 1417 fontis
1219 1371 1336 1420 inde*

176 1443 376 1496 originem
404 1443 550 1491 trahit,
582 1454 659 1494 pro
685 1440 852 1484 illorum
869 1456 1016 1490 ⁴natura
1039 1445 1185 1487 differt.
1218 1447 1314 1491 I-luc

175 1513 362 1560 aceedit,
392 1524 537 1565 aquam
565 1513 760 1565 exiguum
792 1524 889 1555 tunc
920 1526 1072 1556 tantum
1103 1529 1314 1569 percurre-

174 1596 217 1623 re
245 1583 444 1636 spatium,
477 1580 582 1621 unde
612 1580 807 1631 filtanio,
840 1587 1026 1636 quamvis
1061 1587 1310 1637 necessaria,

176 1666 243 1695 aut
279 1665 363 1693 non
399 1651 559 1692 obtinet
599 1662 668 1691 aut
711 1653 976 1706 incomplete.
1036 1655 1224 1711 Augetur
1251 1661 1312 1701 in-

176 1722 440 1764 commodum
457 1721 640 1774 insuper,
665 1721 690 1762 fi
707 1722 781 1763 soli
800 1754 812 1771 ‚
844 1737 917 1777 per
932 1727 1044 1779 quod
1059 1727 1172 1778 fluit,
1197 1743 1312 1772 com-

175 1794 324 1846 positio
352 1792 397 1844 fit
426 1793 565 1845 minu-5.
582 1803 828 1845 compacta,
874 1806 919 1835 ut
957 1798 998 1836 in
1025 1797 1158 1848 locis,
1203 1814 1310 1854 quos

176 1863 349 1904 dicimus
375 1879 377 1882 ·
406 1860 738 1915 Veengmnden:
795 1863 890 1905 inde
938 1868 1048 1914 enim
1101 1868 1311 1912 difficultas

171 1931 310 1973 fontes
331 1932 388 1972 ibi
408 1919 651 1984 reperiendi.

178 2012 181 2013 ⁷
221 2001 325 2042 ‘Alia
350 2014 515 2055 quoque
531 2032 544 2051 ‚
571 2004 611 2043 in
627 2006 935 2059 propinquitate
951 2007 1127 2052 fontium
1149 2013 1276 2066 posita
1294 2045 1308 2064 ‚

174 2085 302 2134 qquao
319 2073 657 2132 compositionem
689 2087 842 2117 mutare
865 2077 1046 2131 possunt.
1108 2081 1176 2124 Sic
1193 2097 1309 2125 mon·

175 2154 234 2184 tes
272 2142 499 2196 ignivomi,
542 2145 732 2198 'proxime
757 2147 1015 2202 adjacentes,
1045 2163 1188 2205 aquam
1222 2154 1312 2207 ple-

1201 2237 1308 2265 rum·
