1513 2734
0 2280 7 2543 «Ja--a--ae-
0 2097 4 2265 ><-—„„-

562 168 818 228 (123)

130 314 173 357 ni
206 303 494 369 >ap'ologetices
532 323 675 366 parte,
713 322 814 365 quae
841 307 990 349 nostris
1016 305 1252 362 apologetis

130 398 381 440 nequaquam
425 382 666 438 negligenda
704 382 905 423 videntur.
975 378 1093 433 Quae
1142 379 1250 418 enim

131 458 315 498 omnium
350 456 502 508 primae
543 453 657 494 libris
699 451 818 494 sacris
859 448 1121 491 vindicandae
1163 448 1252 489 sunt

78 528 85 540 ¹
131 527 365 574 authentia,
405 525 613 578 integritas
641 523 820 575 fidesque
849 522 1072 568 historica,
1103 519 1253 571 quibus

131 597 293 645 demum
319 598 412 636 nixa
435 593 724 634 miraculorum
751 606 798 632 ac
827 592 1111 632 vaticiniorum
1135 601 1254 642 argu-

133 679 267 708 menta
295 665 456 713 valent,
490 664 610 704 hasce
641 665 766 717 igitur
792 674 859 702 aut
894 660 1057 715 prorsus
1095 659 1254 708 omifit,

131 747 200 776 aut
225 735 369 775 leviter
394 734 602 774 indicavit.
664 733 776 788 Quin
799 734 918 772 etiam
947 730 1018 772 illa
1044 741 1257 783 argumen-

135 815 194 854 ta,
225 803 374 856 quibus
402 802 487 857 ipse
510 803 681 844 multum
707 794 878 851 tribuit,
909 813 1041 854 neque
1068 809 1257 840 accurate

79 928 82 935 .
133 884 367 925 exponere,
399 887 531 928 neque
565 874 720 914 strenue
763 873 968 913 vindicare
1013 871 1128 912 solet.
1189 867 1261 909 De

134 943 424 986 constituendis
453 957 586 985 autem
614 945 772 985 divinae
810 942 1095 996 patefactionis
1138 940 1260 981 crite-

134 1016 234 1063 riis,
265 1016 325 1056 uti
354 1027 394 1055 et
423 1015 471 1056 de
502 1016 711 1069 probanda
740 1013 1027 1066 patefactionis
1056 1009 1260 1065 posfibili-

139 1096 219 1126 tate
249 1099 289 1139 q.
317 1085 355 1126 d.
373 1116 386 1134 ,
418 1098 459 1126 et
485 1086 804 1140 probabilitate,
847 1095 898 1123 ne
942 1080 1143 1137 cogitasse
1170 1080 1262 1132 qui-

138 1156 229 1196 dem
266 1156 439 1196 videtur.
513 1156 606 1198 Nec
662 1167 794 1197 tamen
833 1164 1080 1207 magnopere
1117 1151 1264 1190 miran-

138 1225 260 1275 dum,
293 1225 590 1268 Tertullianum
623 1238 685 1268 tot
716 1224 921 1272 omifisse‚
952 1234 1020 1264 aut
1047 1223 1178 1262 minus
1208 1219 1266 1260 se-

138 1295 238 1337 dulo
266 1297 484 1347 tractasse,
515 1311 619 1351 quae
648 1297 769 1337 nobis
803 1295 1017 1350 diligenter
1059 1302 1266 1344 exponen-

140 1366 190 1406 da
217 1353 442 1407 videantur.
503 1367 784 1422 Apologetica
807 1366 938 1423 exnim,
970 1362 1084 1417 quod
1109 1362 1190 1416 jam
1214 1360 1266 1401 ab

140 1437 260 1477 initio
285 1436 550 1485 dicebamus,
582 1439 694 1478 omni
736 1447 920 1489 tempore
959 1430 1271 1475 accommodata

140 1507 221 1548 fuit
245 1507 296 1547 ad
321 1506 636 1548 adversariorum
651 1537 664 1557 ,
696 1507 942 1560 quibuscum
965 1517 1028 1545 res
1051 1515 1136 1544 erat
1151 1533 1166 1552 ‚
1197 1501 1272 1542 du·

141 1579 387 1619 bitationum
418 1576 806 1630 cavillationumque
833 1574 1014 1615 indolem
1032 1571 1127 1628 (1).
1168 1572 1272 1612 Ter-

143 1648 300 1690 tulliani
329 1649 453 1703 igitur
494 1648 706 1688 adversarii
737 1659 831 1687 cum
859 1645 1040 1686 nondum
1068 1642 1272 1697 ejusmodi

144 1719 420 1760 dubitationes
442 1716 663 1758 movissent
679 1718 719 1756 in
734 1715 861 1769 ipsam
888 1714 1129 1769 religionem
1145 1743 1159 1761 ,
1182 1714 1274 1767 qui-

144 1790 221 1831 bus
258 1790 495 1829 incitaretur
529 1787 579 1828 ad
603 1786 713 1827 illam
741 1787 853 1841 gravi
879 1796 1210 1841 argumentorum
1231 1784 1275 1824 vi

144 1859 396 1915 probandam
414 1871 545 1898 veram
561 1857 821 1910 divinamque
837 1853 917 1908 (2)
932 1886 945 1904 ,
961 1854 1028 1895 sed
1043 1854 1174 1899 multo
1189 1867 1274 1894 ma-

147 1933 210 1986 gis
248 1930 449 1971 atrocium
480 1927 760 1981 quorumlibet
785 1927 1005 1983 ¹criminum
1031 1937 1124 1966 reos
1165 1925 1277 1965 dice-

148 2014 238 2043 rent
277 2000 389 2055 ipsos
427 1999 715 2048 Christianos3
758 1999 858 2039 haec
900 2004 1066 2052 quoque
1107 1996 1277 2036 crimina

1209 2065 1277 2105 da-

199 2167 262 2214 (1)
286 2169 362 2205 Vid.
392 2170 583 2212 Prolegom.
612 2169 631 2212 §
663 2180 694 2205 1.

200 2227 264 2274 (2)
288 2227 392 2263 conf.
419 2227 770 2268 Tzschirner,
798 2227 820 2261 1.
848 2225 873 2260 1.
901 2224 934 2266 S,
961 2222 1033 2268 96,
1059 2232 1117 2267 97.
