1513 2734
569 183 798 241 (83)

114 328 229 371 Deus
271 331 312 370 in
339 329 600 383 pulcerrimo
630 330 712 372 hoc
748 326 885 369 mundi
915 324 1151 381 spectaculo
1180 314 1275 367 no?

116 401 180 440 bis
208 401 315 454 quasi
344 402 399 442 ob
428 402 574 443 oculos
603 401 741 456 posuit
767 399 923 440 futurae
950 406 1110 438 nostrae
1149 399 1259 446 vitae⁴

115 471 348 525 imaginem.
438 470 565 526 Quod
615 471 779 525 quidem
833 478 1113 523 argumentum
1164 476 1258 508 cum

117 535 392 582 Tertullianus
422 541 571 583 summa
600 540 863 596 persuadendi
891 540 929 580 vi
957 548 1162 591 exponat,
1194 539 1258 591 ip-

118 613 194 653 ssus
236 613 358 654 verba
397 614 438 653 in
475 614 549 654 hac
591 620 919 668 argumentorum
960 619 1106 664 genere
1136 609 1186 649 ad
1215 607 1260 648 fi-

117 694 211 721 nem
253 693 446 737 vergente
485 685 552 725 hic
595 693 801 737 apponere
848 681 976 723 lubet.
1051 710 1080 734 ,‚
1109 678 1262 727 Lux,''

119 752 281 804 inquit,
313 781 341 804 „
372 753 557 805 quotidie
592 753 805 793 interfecta
831 752 1088 807 resplendet,
1132 762 1262 796 ette-

119 850 149 874 ‚‚
179 821 326 861 nebrae
352 823 437 874 pari
465 824 556 863 vice
585 822 820 864 decedendo
852 822 1101 869 sticcedunt3
1139 821 1263 862 fidem

121 921 150 944 ,‚
182 891 372 932 defuncta
401 893 680 942 reviviscuntx,
713 904 926 945 tempora,
953 891 1023 932 ubi
1043 891 1262 939 finiuntur,

107 991 152 1014 .,‚
183 953 411 1016 incipiuntg
458 962 614 1004 fructus
661 947 950 1004 consumuntur
993 967 1038 1002 'et
1068 961 1266 1008 redeuntt,

123 1062 151 1086 ‚,
183 1044 293 1073 certe
336 1032 603 1074 seminamon
646 1034 715 1075 nisi
755 1038 948 1086 corrupta
994 1043 1034 1071 et
1075 1030 1268 1070 dissoluta

124 1132 152 1156 ,‚
183 1103 424 1144 foecundius
456 1105 648 1158 surgunt3
695 1105 832 1144 omnia
859 1101 1064 1155 pereundo
1108 1100 1267 1141 servan-

125 1202 154 1225 „
187 1184 277 1220 tur,
326 1175 461 1214 omnia
491 1174 539 1214 de
579 1175 744 1214 interitu
784 1174 1082 1216 reformantur,
1115 1182 1157 1210 tu
1195 1171 1271 1211 ho-

125 1272 154 1295 „
184 1256 283 1292 mo,
329 1254 482 1283 tantum
512 1256 687 1293 nomen,
732 1246 757 1286 fi
787 1244 990 1299 intelligas
1021 1255 1085 1289 te,
1127 1241 1191 1281 vel
1221 1241 1273 1281 de

126 1343 155 1367 „
186 1313 307 1354 titulo
336 1313 504 1366 Pythiae
531 1314 690 1358 discens
712 1313 1054 1392 (1)‚4dominus
1089 1313 1271 1352 omnium

126 1386 443 1438 „morientium
499 1397 539 1424 et
578 1386 800 1428 viventium
845 1385 895 1426 ad
930 1384 1011 1425 hoc
1056 1383 1271 1432 morieris,

128 1486 157 1510 ,‚
192 1469 234 1498 ut
261 1469 400 1510 pereas
416 1454 466 1497 ‘3⁹'
498 1450 580 1507 (2)

247 1665 447 1706 Absoluta
483 1666 607 1719 igitur
632 1663 958 1706 Christianorum
984 1663 1276 1719 religionisque

134 1730 390 1777 Christianae
418 1733 664 1794 defenfionis
704 1735 1080 1788 contemplatione,
1115 1734 1276 1775 Sectio-

135 1820 185 1847 ne
215 1806 338 1847 altera
377 1806 426 1846 ad
453 1805 823 1848 commendationis
859 1816 983 1858 caput
1010 1804 1275 1857 spectandum

137 1891 212 1919 nos
243 1878 532 1919 convertimus.
607 1875 883 1917 Tertullianus
912 1875 1021 1916 enim
1056 1874 1279 1915 defensioni

1163 1967 1194 1982 .-
1212 1943 1282 1986 hic

187 2114 250 2158 (1)
274 2114 426 2157 Respicit
455 2115 698 2158 inscriptionem
725 2100 883 2161 Delphici
912 2099 1027 2154 templi
1048 2114 1130 2152 γνῶθι
1149 2109 1284 2148 σ-εοιυτὶι.

188 2174 251 2219 (2)
275 2175 401 2220 Apolog.
426 2175 447 2209 l.
477 2174 499 2209 l.
528 2183 562 2218 p.
590 2160 654 2218 4Ῡ5
673 2184 779 2219 -417.
840 2173 941 2209 Conf.
981 2172 1020 2207 de
1055 2173 1281 2215 resurrectione

143 2236 272 2274 camir,
297 2240 329 2266 c.
356 2242 408 2266 12.

688 2289 780 2331 F2
1012 2298 1021 2348 1¹
