1513 2734
757 135 1008 193 (188)

386 268 508 317 casu,
540 282 624 323 quo
648 272 720 314 fibi
745 275 957 327 cognitum
998 273 1143 322 habet,
1174 273 1377 327 praesuma

341 396 343 400 r
387 341 540 390 tionem
580 342 777 395 applicari
816 354 916 383 non›
936 343 1081 395 posse:
1126 343 1280 385 nul-lum
1307 356 1377 384 au·

184 1545 239 1580 De
262 1546 345 1581 doc-

163 1591 248 1624 trina
270 1593 344 1626 Art.

167 1646 182 1670 1
189 1646 206 1678 3
211 1646 252 1679 52
273 1639 344 1672 Cod.

164 1680 256 1727 Nap.

386 421 466 451 tem
509 410 675 452 dubium
692 443 705 461 ‚
749 413 846 466 quin
875 412 1002 454 libera
1030 412 1115 467 ejus
1141 413 1372 463 confessio,

384 482 456 523 nifi
483 493 596 522 error
623 482 722 523 facti
746 483 842 526 adfit
858 513 870 532 ‚
903 482 972 524 tali
1001 483 1290 523 renuntiationi
1310 496 1376 524 ae-

385 553 587 606 quiparari
604 553 776 603 debeat,
809 566 902 594 cum
929 553 1065 594 reverti
1091 553 1136 593 fit
1164 553 1285 594 tacita
1313 565 1377 594 re-

382 624 597 664 nuntiatio.
672 623 892 679 Quaeritur
928 634 1062 664 autem
1103 624 1208 663 inter
1247 621 1376 664 inter-

382 704 547 746 pretes,
593 706 641 734 an
676 694 816 735 eadem
855 694 1100 735 renuntiatio
1127 692 1280 734 censeri
1307 692 1377 733 de-

384 762 478 803 beat
505 763 613 807 facta
651 764 701 804 ab
733 777 813 814 eo,
859 765 930 817 qui
958 763 1245 817 probationem
1274 774 1376 804 con-

383 834 492 892 trarii
511 861 515 864 -
536 846 558 874 a
599 845 711 887 parte
755 834 974 875 institutam
1017 846 1099 875 non
1155 833 1378 887 rejecerit?

376 903 627 954 Affirmando
655 904 980 959 respondendum
996 903 1165 945 credunt
1189 903 1256 944 Al
1272 915 1294 943 c
1309 903 1321 942 i
1335 916 1376 951 a<

378 985 469 1014 tus
495 973 575 1032 (ιι)
614 986 659 1026 et
684 974 1050 1039 -quochius
1080 969 1194 1026 (2),
1224 984 1375 1026 negan-

375 1044 431 1084 do
459 1056 558 1084 vero
593 1045 833 1099 respondere
869 1045 1030 1088 videtur
1058 1042 1200 1098 Ampl.
1231 1042 1375 1084 Mer·

374 1112 584 1168 lin-(3).
629 1135 632 1141 ·
1015 1176 1018 1177 ⁷

807 1187 833 1241 §
864 1186 960 1228 VlI.

378 1327 678 1374 Dexdoctrind
717 1328 880 1371 Codicis
919 1327 1220 1384 Napoleontici
1256 1326 1378 1369 circa

488 1399 828 1454 praesumtiones
851 1400 972 1454 juris
1001 1411 1043 1443 et
1071 1400 1120 1442 de
1142 1400 1262 1453 jure.

438 1537 496 1584 Et
533 1540 587 1581 fic
620 1541 701 1595 jam
729 1538 1098 1595 pervenimus'em
1143 1538 1259 1591 cujus
1279 1547 1377 1588 pro-

379 1610 466 1664 prie
496 1612 747 1667 mentionem
787 1608 857 1651 hic
903 1609 1036 1649 facere
1073 1620 1149 1648 nos
1179 1615 1376 1659 oportet,

377 1680 480 1735 quid
499 1682 688 1725 nimirum
721 1680 873 1721 doceat.
895 1677 1100 1732 legislatio
1131 1675 1377 1730 Napoleon-

378 1753 461 1793 tica
482 1778 485 1782 ι
505 1750 570 1800 de,
605 1751 655 1796 vi,
686 1751 847 1802 utrique
890 1747 1232 1800 praesumtionum
1271 1745 1376 1801 legis

378 1821 529 1876 speciei
550 1820 786 1868 tribuendi,
818 1818 897 1872 quei
926 1818 976 1858 de
1000 1830 1043 1858 re
1060 1848 1073 1867 ‚
1104 1818 1164 1857 uti
1188 1817 1270 1871 jam
1287 1829 1376 1859 mo-

374 1893 565 1949 unitum,
595 1891 728 1947 agitur
753 1890 793 1930 in
823 1888 914 1930 Art.
951 1886 1184 1943 1352ss0d.
1220 1886 1342 1941 Nap.
1360 1915 1375 1935 ‚

1303 1968 1375 2012 qiu

423 2059 487 2106 (ι)
509 2063 533 2098 l.
554 2063 577 2096 l.
600 2065 654 2096 n0.
680 2071 714 2106 9.

424 2116 488 2162 (2)
509 2119 532 2153 l.
553 2119 577 2152 l.
606 2126 733 2160 quaest.
760 2117 816 2152 68.

421 2172 486 2220 (3)
510 2175 532 2215 l·
553 2175 577 2209 l·
599 2174 633 2208 in
652 2173 868 2225 fhqueratibusss
