1513 2734
715 160 939 225 (πο)

271 316 277 322 ’
327 304 486 365 Quinto
511 305 863 356 ‘saliaaluminae
907 297 980 362 per
1014 311 1255 352 ammoniam
1280 308 1402 362 liqui-

267 382 355 421 dam
387 376 688 420 concentratam
717 389 814 430 post
841 392 1022 432 quartam
1055 379 1176 420 horae
1216 391 1400 433 partem,

263 449 292 490 fi
319 447 473 503 absque
497 449 600 494 aeris
629 459 823 490 contactu
850 449 923 491 fibi
955 449 1256 510 relinquantur,
1287 460 1403 502 prae-

260 514 495 573 cipitantur.

322 590 448 630 Sexto
490 588 584 630 salia
626 589 790 642 barytae
827 601 901 642 per
935 587 1402 642 acidum-sulphuricum

260 659 406 701 'colore
431 656 533 700 ‘albo
562 658 894 713 praecipitantur.

257 744 262 747 ·
321 729 507 783 Septimo
549 742 599 770 ex
638 729 786 770 salibus
817 725 1070 783 magnesiae,
1115 736 1291 778 excepto
1318 737 1403 767 car-

256 799 440 849 -bonate,
488 799 513 839 fi
545 812 700 852 aquae,
729 811 826 853 post
860 797 1173 846 ebullitionem,
1217 795 1403 836 filtratio-
1458 819 1460 821 -

261 881 353 908 nem
375 880 414 908 et
443 868 819 923 refrigerationem,
850 869 1046 909 carbonas
1074 866 1235 920 quidam
1251 865 1404 910 solubi-

263 936 314 976 lis
336 933 509 977 addatur
523 938 542 985 ,’
577 940 900 991 praecipitatum>
923 938 1052 978 oritur
1086 935 1252 985 album,
1297 936 1324 976 fi
1353 934 1403 976 li-

261 1006 401 1059 quoris
426 1005 615 1046 ebullitio
646 1008 802 1061 saepius
823 996 965 1048 iterata
993 1006 1129 1047 fuerit.

321 1074 484 1117 Octavo
515 1074 608 1114 salia
638 1075 790 1122 calcis,
823 1088 982 1128 practer
1004 1076 1298 1122 carbonatemz,
1330 1086 1402 1126 per

260 1145 421 1186 acidum
459 1144 731 1186 'carbonicum
770 1156 810 1184 et
855 1145 1060 1184 oxalicum
1090 1146 1132 1183 in
1174 1143 1235 1183 his
1264 1141 1402 1182 album

260 1215 503 1269 producitur
543 1215 887 1269 praecipitatum3
932 1213 1053 1253 etiam
1091 1225 1165 1268 per
1200 1211 1401 1254 oxalatem

260 1287 502 1326 ammoniae.
1209 1320 1214 1325 ,

318 1352 447 1393 Nono
474 1352 570 1393 'salia
596 1353 691 1393 ferri
721 1353 1038 1407 pertineturam
1064 1352 1260 1407 gallarum
1294 1352 1399 1392 flavo
1439 1361 1447 1371 ⁸

261 1423 405 1464 colore
434 1423 764 1476 praecipitantur.
798 1411 800 1417 X
824 1422 991 1475 Aquae,
1023 1421 1094 1462 illa
1117 1422 1397 1472 continentes,

261 1491 707 1547 saporem-plerumque
735 1491 886 1532 habent
916 1492 1122 1532 acerbum.

319 1561 500 1602 Decimo
537 1560 629 1600 salia
668 1562 785 1612 cupri
827 1573 900 1614 per
929 1562 1172 1601 ammoniam
1202 1560 1396 1601 coeruleo

264 1631 410 1673 colore·
436 1630 766 1682 praecipitantur.
920 1677 925 1683 s

267 1713 270 1728 ³
320 1700 500 1741 Tandem
525 1698 760 1738 substantiae
788 1696 1027 1754 vegetabilis
1054 1710 1095 1738 et
1121 1699 1301 1740 animalis
1327 1712 1396 1744 na·
1434 1735 1438 1745 f

262 1783 373 1812 turae
402 1769 656 1816 indicantur,
695 1768 720 1807 fi
752 1773 994 1820 evaporatur
1019 1781 1149 1821 aqua,
1197 1769 1395 1811 refiduum

263 1842 463 1883 tractatui-³
488 1843 590 1890 aqua
625 1841 756 1890 pura,
803 1837 974 1880 filtratur
1009 1850 1051 1879 et
1080 1839 1173 1880 dein
1202 1839 1395 1881 alcohole

261 1909 439 1951 abluitur
467 1905 650 1963 (1).v
1143 1923 1146 1925 ’
1452 1927 1456 1932 ,

264 1983 294 1997 κ
362 1995 366 1999 .
1333 1966 1392 2007 Ut

307 2047 370 2093 (Ι)
408 2049 461 2082 De
498 2047 629 2083 actione
663 2028 863 2089 reagentium
898 2048 930 2080 in
963 2056 1060 2089 aquas
1099 2024 1270 2080 ininerales
1300 2048 1390 2082 conf.

263 2106 289 2140 F
305 2116 326 2138 o
340 2116 359 2138 u
377 2115 397 2148 r,
409 2115 427 2137 c
443 2114 458 2144 r
473 2114 495 2137 o
508 2114 531 2145 y
546 2129 556 2144 ‚
579 2104 744 2143 ,Memoircs
771 2110 804 2137 et
829 2103 1040 2146 observations
1061 2104 1100 2138 ele
1120 2102 1236 2139 Chimie
1250 2128 1260 2144 ‚
1300 2104 1388 2147 Rati-

263 2161 314 2196 fiis
342 2172 370 2195 a.
404 2156 589 2204 1784.'pag.
613 2161 677 2203 265
701 2161 792 2203 seqq.
817 2159 881 2193 Th
897 2158 1046 2194 enard
1063 2184 1072 2200 ‚
1110 2160 1173 2195 1.1.
1202 2159 1297 2194 Tom.
1329 2161 1387 2194 IV.

262 2227 336 2262 pag.
361 2219 446 2269 ²163
484 2219 576 2258 seqq.
609 2217 661 2250 M.
699 2215 741 2250 H.
767 2214 1016 2259 Kla'pr'oth
1053 2216 1120 2250 und
1140 2216 1176 2249 F.
1199 2212 1379 2257 Wolff,

265 2271 449 2316 Chemi'fin'm
469 2272 684 2310 Wiirterbuclz
698 2297 708 2314 ,
731 2273 880 2308 Berolini
905 2272 1002 2307 1810.
1030 2273 1111 2325 Volg
1127 2273 1168 2307 V.
1195 2281 1267 2317 pag.
1289 2282 1365 2316 512.
