1513 2734
298 176 328 181 *s
602 167 629 222 (
687 182 771 223 223
831 159 857 220 )’

220 303 252 345 Ρ
285 303 343 358 (x
373 301 449 360 ‘50st
479 320 507 352 ν
539 321 583 330 -
614 320 639 349 z
671 305 746 362 cos.
778 305 831 361 a)
873 310 917 349 -Ι-
944 304 998 350 P'
1027 305 1108 364 (x'
1133 309 1210 368 cos:
1241 309 1292 358 γ’

163 371 261 414 —z'
291 371 365 428 cof
395 374 468 428 ω’)
498 376 544 413 4
571 390 675 419 caet.
699 394 792 423 -ο
823 410 1143 423 ........
1174 380 1331 435 (ὁ),’

159 455 282 496 atque
307 445 382 484 hae
411 447 672 499 aequationes
704 447 727 502 ζ
737 447 784 501 1)
811 465 855 474 -
835 444 988 505 (6),
1020 451 1292 493 demonstran-

159 513 232 554 dae
263 527 375 554 erant
401 514 447 568 (1
434 518 495 568 1.)

217 582 270 624 II.
303 581 500 626 Profecto
528 587 627 629 haec
651 589 935 630 demonstratio
965 590 1139 646 eleganti
1163 593 1293 649 modo

157 651 322 693 inventa
349 667 440 706 est3
477 657 573 707 sed,
606 659 851 701 adsumendo
879 660 974 700 duas
1011 663 1118 703 vires
1158 664 1292 717 oppd-

157 721 246 762 fitas
287 735 328 763 et
366 725 554 779 aequales
581 741 612 783 g
639 741 679 769 et
708 748 751 757 —
778 743 835 785 g,
866 744 1012 784 easque
1043 746 1136 774 cum
1167 734 1292 786 syste-

156 792 273 831 matis
320 794 474 835 viribus
503 800 821 851 componendo,
866 802 1060 842 rationem
1103 803 1208 844 haud
1232 803 1292 844 di-

153 871 306 900 rectam
336 862 564 915 sequimur,
611 869 941 923 quandoquidem
985 872 1068 921 fic,
1112 885 1196 913 non
1238 886 1290 916 ex

153 926 239 968 sola
265 932 411 973 virium
442 936 732 978 constitutione
760 940 877 991 data,
924 941 993 982 sed
1018 955 1098 996 ope
1122 942 1290 986 aliarum

154 997 303 1041 virium
331 1003 381 1043 ad
407 1005 638 1058 aequilibrii
665 1011 842 1051 rationes
870 1015 1116 1065 pervenitur.

159 1067 163 1069 ’
211 1070 373 1125 Scopus
411 1074 530 1130 hujus
566 1077 917 1121 demonstrationis
953 1095 1004 1123 eo
1040 1085 1198 1132 tendit,
1242 1096 1289 1126 ut

151 1141 257 1180 vires
282 1154 447 1196 agentes
486 1146 731 1189 reducantur
757 1150 806 1190 ad
841 1151 921 1192 duo
963 1153 1100 1195 talium
1142 1157 1286 1196 virium

150 1209 392 1263 systemata,
438 1228 607 1268 quarum
646 1220 877 1273 aequilibrii
928 1224 1188 1266 conditiones
1234 1241 1286 1269 ex

149 1280 302 1335 regulis
327 1282 604 1328 demonstratis
629 1290 711 1344 jam
752 1291 978 1342 habentur,
1023 1296 1077 1336 ita
1106 1308 1152 1337 ut
1191 1297 1285 1337 illae

149 1351 408 1394 conditiones
422 1358 585 1408 prorsus
612 1360 820 1412 indicent,
850 1362 1066 1405 relationes
1096 1368 1201 1408 inter
1225 1370 1283 1408 vi-

147 1433 212 1461 res
235 1434 429 1477 agentes,
470 1428 511 1468 in
536 1429 799 1483 aequilibrio.
847 1431 907 1474 Ut
932 1447 1091 1485 autem,
1123 1438 1149 1477 fi
1178 1440 1284 1479 vires

147 1503 311 1546 agentes
337 1496 527 1538 reductae
557 1497 646 1539 sunt
668 1501 719 1542 ad
746 1501 828 1543 duo
865 1505 1010 1546 virium
1040 1506 1282 1559 systemata,

149 1576 233 1606 tum
282 1567 323 1606 in
361 1567 484 1621 plano
515 1568 667 1611 XOY
709 1574 866 1626 posita,
915 1587 1001 1617 tum
1028 1577 1123 1619 huic
1154 1578 1279 1632 plano

145 1636 520 1688 perpendicularia‚
566 1653 616 1681 ex
645 1642 707 1683 his
736 1645 1018 1696 systematibus
1060 1648 1283 1692 habeantur

147 1704 385 1747 sufficientes
407 1709 640 1762 aequilibrii
669 1716 959 1766 conditiones,
991 1717 1280 1761 Poissoni-

147 1784 238 1824 us,
282 1778 445 1832 lingulis
482 1782 636 1823 viribus
678 1785 788 1825 addit
816 1786 913 1827 duas
940 1787 1044 1828 vires
1075 1792 1280 1843 oppofitas

150 1857 190 1885 et
219 1848 433 1899 aequales,
478 1864 647 1904 quarum
684 1856 865 1897 omniurn
912 1861 1095 1911 compos
1102 1872 1159 1901 tio
1188 1861 1282 1903 talia

151 1916 341 1967 praebet,
374 1919 505 1972 qualia
531 1923 580 1963 ad
610 1925 895 1979 aequilibrium
922 1930 1151 1971 absolutum
1184 1945 1280 1984 pos-

153 1983 342 2027 tulantur.
432 1991 568 2045 Atque
609 1996 648 2034 in
694 1997 774 2038 hoc
819 1997 909 2051 ipso
951 1999 1206 2052 Methodus,
1257 2017 1281 2044 a

151 2051 468 2103 Poissonio
509 2064 717 2118 exhibita,
748 2080 844 2121 prae
879 2072 1047 2111 caeteris
1080 2073 1281 2131 ejusmodi

1185 2141 1279 2182 Me-

198 2202 262 2248 (1)
285 2205 362 2242 vid.
399 2209 426 2243 P
442 2210 675 2249 oissoniu
694 2226 708 2249 s
724 2242 735 2259 ‚
772 2218 882 2254 Tmite
913 2219 953 2254 de
977 2218 1110 2255 Μέσσῃ.
1132 2221 1229 2255 Tom.
1253 2222 1279 2255 1.

151 2259 227 2296 Liv.
251 2264 279 2298 Ι.
301 2264 377 2300 Art.
402 2275 459 2310 59.
479 2277 553 2313 pag,
573 2272 619 2315 76
641 2273 713 2317 sqq,
