1513 2734
736 166 959 221 (36)

279 307 396 362 Quae
437 304 573 345 omnia
609 314 702 343 cum
744 300 899 344 fervida
929 303 1169 348 Tertulliani
1208 305 1421 359 phantafia'

276 377 348 418 fibi
381 374 434 415 ob
462 371 619 419 oculos,
637 383 810 426 poneret
836 373 1181 427 praesentisfima‚
1227 387 1378 428 quanto
1395 407 1410 427 ‚

274 445 452 499 quaeso
483 445 639 497 impetu
665 442 796 496 ipsum
828 443 1033 483 invectum
1063 443 1257 486 censeatis
1281 448 1321 486 in
1350 447 1412 486 vi-

271 515 458 557 lisfimam
502 525 543 554 et
577 514 843 566 turpisfimam
885 514 1002 554 istam
1038 513 1225 556 Deorum
1253 518 1411 557 turbam

271 584 600 637 Christianisque
628 582 865 624 exitialem?
970 584 972 587 ’

329 652 512 695 Plurium
538 654 663 708 igitur
678 652 865 694 Deorum
880 652 1062 704 cultum,
1091 654 1326 708 jamdudum
1343 668 1411 695 va-

256 724 480 766 -cillantem
497 756 510 775 ,
542 724 591 764 ab
611 725 721 764 Omni
738 733 850 776 parte
868 734 1020 768 tentare
1035 723 1217 765 instituit.
1262 723 1411 777 Neque

270 807 402 836 actam
437 797 521 835 rem
562 794 727 843 censet,
773 807 867 834 cum
896 794 1255 843 demonstraverit,
1299 792 1410 834 Deos

268 877 341 915 et,
374 877 476 918 quae
503 864 632 919 vulgo
658 863 845 905 Deorum
888 864 1006 905 instar
1048 864 1316 912 colebantur,
1357 861 1412 916 st-

269 936 473 977 mulacra
500 934 638 974 divino
656 934 814 974 honore
839 934 946 974 haud
974 934 1058 974 esse
1074 934 1280 976 afficienda
1298 931 1410 987 (1):,

269 1005 367 1054 sed,
414 1016 498 1057 quo
536 1005 760 1056 turpiorem
801 1014 944 1042 eorum
993 1003 1150 1044 cultum
1192 1004 1410 1053 exhibeat,

269 1073 476 1129 malignis
498 1073 640 1128 geniis
671 1072 788 1113 illum
833 1071 976 1112 tribuit
1018 1074 1254 1113 auctoribus
1298 1071 1409 1123 (2):,

270 1157 311 1187 et
341 1140 515 1198 denique
555 1143 639 1197 ipsa
683 1142 879 1184 subvertit
897 1139 1216 1196 fundamenta,
1262 1142 1411 1195 quibus

267 1216 512 1271 religionem
542 1214 649 1255 suam
677 1214 750 1253 niti
779 1211 1235 1253 censebantadversarii
1267 1210 1362 1266 (3).

327 1285 509 1328 Primum
539 1285 663 1338 igitur
692 1282 805 1324 Deos
843 1280 1130 1336 aggressurus,
1175 1281 1301 1335 ipsam
1343 1280 1411 1322 ad-

271 1346 549 1397 versariorum'
578 1352 871 1395 conscientiam
920 1350 994 1391 fibi
1047 1361 1192 1392 testem
1231 1353 1409 1393 invocat.

268 1454 298 1478 ,,
331 1423 472 1473 Illas²
507 1425 667 1475 inquit,
710 1451 738 1474 ,‚
768 1434 844 1462 nos
868 1421 1054 1475 judicet,
1101 1420 1170 1461 illa
1206 1434 1282 1462 nos
1312 1434 1411 1462 con·
1432 1463 1443 1468 -
1506 1443 1507 1449 =

269 1522 300 1547 ,‚
331 1494 493 1534 demnet
510 1522 523 1541 ,
555 1494 581 1533 fi
607 1492 760 1544 poterit
788 1501 963 1543 negare,
997 1502 1138 1530 omnes
1166 1491 1266 1531 istos
1293 1490 1410 1532 Deos

269 1591 299 1616 ,‚
329 1574 487 1602 vestros
516 1561 702 1600 homines
729 1557 898 1598 fuisse.’'
959 1557 1088 1611 Quod
1123 1572 1207 1611 quo
1231 1560 1320 1613 jure
1352 1561 1410 1601 fa-

268 1635 378 1682 ciat,
409 1643 455 1671 ut
474 1632 549 1671 rite
577 1628 895 1682 perspiciamus,
938 1626 1175 1677 inquirenda
1201 1630 1321 1670 nobis
1350 1633 1410 1671 vi-

269 1704 386 1744 detur
426 1699 602 1754 vulgaris
650 1697 947 1738 Romanorum
991 1696 1072 1737 hoc
1125 1707 1309 1751 tempore
1359 1700 1412 1741 de

268 1772 373 1816 Diis
394 1768 632 1826 sententia.

327 1841 483 1898 Quodsi
500 1850 634 1881 autem
658 1851 704 1880 ea
729 1840 850 1880 nobis
868 1838 1081 1892 spectanda
1112 1838 1270 1890 forent,
1304 1853 1405 1893 quae

1332 1923 1403 1951 an-

310 2025 375 2073 (1)
398 2028 525 2072 Apolog.
554 2035 749 2060 c.10-12.
778 2025 825 2058 ad
849 2023 1062 2058 Nat.L.11.
1088 2033 1118 2059 c.
1147 2034 1180 2068 7.

313 2084 377 2128 (2)
402 2085 528 2128 Apohg.
546 2093 577 2117 c.
607 2094 647 2116 22
667 2093 749 2126 -24.
779 2082 817 2115 de
841 2082 1023 2115 Testimonio
1046 2080 1213 2123 Animae,
1232 2091 1263 2116 c.
1289 2091 1353 2125 get
1369 2086 1401 2120 6.

267 2143 357 2176 conf.
376 2142 414 2174 de
438 2140 645 2178 Idoltlatsfflm
672 2149 701 2173 c.
723 2149 756 2181 9.

314 2194 377 2240 (3)
400 2197 529 2241 Apolog.
547 2205 578 2229 c.
599 2203 655 2240 25.
682 2196 730 2229 ad
749 2195 835 2232 Nat.
864 2196 905 2231 L.
933 2197 978 2230 II.
1006 2204 1038 2230 c.
1063 2205 1106 2239 9,
1135 2205 1186 2230 ιο.
