1513 2734
785 137 1046 198 (114)

412 281 549 322 valeat*
567 280 777 324 conclufio
794 311 808 331 ‚
836 281 1016 335 judicem
1043 294 1066 322 a
1091 281 1183 338 iege
1213 285 1339 340 cogi,
1369 294 1416 326 ut

410 351 533 393 talem
560 351 745 393 admittat
775 350 1142 405 praesumtionem,
1188 367 1308 407 quam
1338 367 1415 408 po·
1474 376 1475 381 =

411 423 490 463 tius
507 452 520 472 ,
563 420 697 476 legem
722 421 874 475 judicis
902 421 1065 474 quidem
1095 421 1265 464 arbitrio
1293 424 1416 465 relin-

409 483 562 546 quere,
593 492 746 532 velitne
771 482 850 532 nec¹
874 503 925 530 ne
962 491 1172 532 admittere
1212 494 1417 546 praesum-

410 565 564 605 tionem
581 593 594 613 ,
625 575 712 603 eam
737 560 850 603 fimul
883 572 1014 602 tamen
1031 559 1226 611 statuere,
1256 573 1302 603 ut
1315 563 1352 602 ei
1367 562 1416 603 li-·

408 645 530 683 ceat,
561 645 643 675 non
670 632 779 673 aliud
807 632 1064 685 probationis
1093 632 1316 673 remedium
1353 644 1417 673 re*

407 707 596 759 quirere:
626 702 704 758 qua
732 705 855 759 igitur
884 704 925 743 in
947 715 991 743 re
1027 703 1222 755 exceptio
1248 703 1418 756 ponitur

407 787 430 815 a
457 773 625 829 regula,
669 787 789 828 quam
832 773 1016 814 traditam
1048 774 1275 814 invenimus
1303 774 1345 813 in
1374 772 1416 814 d.
1471 814 1474 815 γ

406 844 498 885 Art.
541 856 662 899 1353.
750 845 952 898 Adeoque
995 844 1267 897 praesumtio,
1313 854 1419 896 quae

406 916 536 955 oritur
551 928 600 955 ex
623 914 779 956 verbali
808 914 1064 956 confesfione
1092 912 1417 968 extrajudiciali,

406 997 612 1038 nunquam
664 985 735 1025 nisi
791 983 969 1024 hominis
1005 983 1089 1024 esse
1130 994 1285 1036 potest.
1343 982 1418 1024 Sin

406 1066 546 1096 autem·
572 1048 734 1107 scribtis
759 1054 940 1096 mandata
969 1065 1031 1094 est
1066 1053 1299 1102 confessio,
1344 1052 1418 1094 ali-

409 1126 464 1167 ud
484 1125 702 1166 dicendum
729 1123 902 1165 videtur.
963 1123 1202 1165 Notandum
1216 1137 1344 1174 vero,
1374 1125 1417 1164 in

409 1195 590 1236 sectione
631 1194 682 1235 de
715 1195 890 1248 partium
917 1194 1170 1236 confesfione
1201 1194 1339 1250 (aven
1365 1194 1418 1235 de

410 1266 457 1306 la
492 1262 702 1318 partie),
747 1265 935 1319 nonagi
970 1265 1041 1306 nifi
1083 1265 1132 1306 de
1161 1264 1417 1306 confesfione

406 1335 705 1391 extrajudiciali
735 1333 918 1384 verbali,
951 1346 1045 1376 cum
1075 1333 1125 1376 de
1140 1334 1288 1386 altera,
1313 1347 1418 1388 quae

399 1407 527 1448 literis
559 1406 746 1447 mandata
772 1417 859 1454 est,
891 1416 943 1445 ne
969 1404 1100 1446 verbo
1129 1404 1302 1459 quidem·
1321 1417 1416 1460 aga-

402 1488 481 1518 tur.
543 1476 624 1517 Sed
664 1477 783 1530 hujus
811 1477 867 1516 rei
899 1473 1016 1515 causa
1041 1476 1082 1515 in
1109 1487 1161 1515 eo
1188 1475 1416 1528 quaerenda

401 1558 493 1596 est,
539 1546 654 1598 quod
697 1546 798 1586 hacc
838 1545 1025 1586 materies
1057 1545 1177 1585 tacite
1205 1557 1227 1585 a
1251 1543 1415 1600 legisla-

403 1616 561 1657 toribus
579 1615 664 1670 jam.
682 1615 732 1655 ad
747 1627 913 1656 examen
942 1625 1088 1655 vocata
1115 1614 1183 1664 fit,
1209 1615 1252 1654 in
1280 1616 1416 1670 capite

405 1687 455 1729 de
480 1686 825 1741 probationibus»,
858 1697 960 1737 quae
993 1685 1187 1738 scriptura
1208 1683 1309 1726 fiunt
1338 1684 1415 1739 (de

402 1760 450 1800 la
480 1766 645 1812 preuve
685 1752 923 1807 litte‘rale)
984 1754 1052 1795 De
1093 1753 1246 1795 verbali
1279 1765 1415 1795 autem

404 1827 660 1870 confesfione
700 1827 872 1873 dicitur,
917 1837 1004 1865 eam
1034 1823 1186 1865 nullius
1213 1824 1297 1870 esse
1325 1838 1415 1866 mo-

403 1900 559 1945 menti,
603 1897 767 1949 quando
800 1896 932 1950 agitur
970 1896 1020 1937 de
1060 1897 1176 1945 casu,
1221 1896 1291 1938 ubi
1330 1907 1414 1935 non

402 1967 649 2009 admittenda
689 1978 749 2006 est
783 1966 974 2019 probatio
1014 1979 1088 2020 per
1115 1977 1267 2016 testes:,
1314 1965 1414 2007 haec

403 2051 502 2096 vero
558 2048 618 2077 est
662 2035 842 2090 legitima
899 2037 1188 2090 consequentia
1241 2048 1413 2086 eorum,

406 2121 510 2164 quae
556 2107 704 2148 sancita
757 2108 982 2149 invenimus
1021 2107 1130 2148 Artt.
1179 2117 1280 2161 1341
1324 2106 1413 2159 sqq.

410 2177 507 2220 Cocl.
536 2176 657 2232 Nap.
674 2190 688 2217 :
723 2189 815 2219 cum
844 2179 950 2219 enim
980 2189 1063 2219 non
1091 2177 1162 2219 nifi
1187 2190 1263 2233 per
1292 2187 1413 2218 testes

403 2256 413 2263 “
1323 2261 1413 2289 ver-
