1513 2734
661 68 696 102 Φ

632 129 856 184 (’48)

177 282 276 315 cum
313 266 639 319 Hierosolymam
680 267 854 318 cepisset
884 266 1168 322 templumque·
1194 265 1321 307 adsis»

181 345 266 390 set,
296 338 453 380 nullum
490 335 699 390 reperiisse
727 337 819 376 asini
851 337 1130 386 fimulacrum,
1176 349 1315 389 quainss
1383 325 1385 328 ’

182 415 240 454 vis
282 409 414 450 onmia
450 407 752 461 diligentissime
791 408 1115 461 *pervestigasseo
1189 405 1318 460 Qu'od

180 483 271 522 sane
314 477 536 518 mirandum
584 476 720 524 soret,
767 475 791 515 fi
823 487 953 516 tamen
983 476 1201 524 adfuisset,
1246 475 1316 515 afi-

178 561 358 604 numque
387 560 526 588 revera
555 545 778 588 coluissent
810 545 960 587 Iudaei.
1021 545 1148 586 Hisce
1189 558 1318 598 expo-

160 622 263 664 ‘fitis
324 620 448 674 genio
499 616 708 673 indulget,
739 617 973 670 -ingeniose
1023 615 1136 657 fimul
1197 626 1318 668 atque

178 691 328 732 acriter
347 687 593 730 adversarios
622 687 769 728 ridens,
831 685 951 726 Haud
977 687 1084 725 enim
1117 684 1320 739 intellige-

176 773 223 803 re
251 761 288 801 se
319 760 460 808 dicit,v
479 758 690 812 quomodo
720 757 922 811 ejusmodi
952 756 1046 797 alini
1079 755 1214 797 cultus
1256 753 1317 795 ul-

175 823 224 872 lo
263 830 407 871 modo·
432 829 613 882 potuerit
640 826 846 868 offendere
873 825 1102 867 Romanos.
1163 853 1192 877 „
1223 824 1318 866 Hoc

179 929 211 953 ‚9
240 900 403 941 forsitan
421 898 464 948 ,⁹⁹
495 899 712 951 inquit‚·,‚
743 896 1053 949 improbamur,
1086 895 1199 949 quod
1215 896 1326 934 inter

179 999 211 1024 ‚,
241 968 422 1011 cultores
456 963 638 1006 omnium
669 966 871 1016 pecudum
902 966 1204 1017 bestiarumque
1234 965 1322 1004 Afi-

178 1069 211 1093 ‚‚
240 1040 340 1085 narii
385 1049 536 1078 tantum
595 1033 775 1075 sumus.'’
863 1032 1055 1073 Ridendo
1098 1045 1264 1085 quoque
1300 1044 1327 1072 a

183 1109 429 1151 Christianis
483 1116 646 1147 amovet
686 1104 843 1145 'crucis
921 1102 1059 1143 cultus<
1124 1100 1324 1155 suspicio-

179 1192 290 1220 nem.
322 1172 325 1175 ’
364 1177 481 1234 Quae
518 1177 624 1216 enim
662 1173 950 1228 progrediente
985 1183 1173 1225 tempore
1216 1173 1322 1218 inter

179 1250 439 1292 Christianos
464 1247 633 1287 invaluit
663 1243 931 1298 superstitiosa
961 1245 1093 1284 crucis
1117 1243 1323 1284 veneratio

178 1319 369 1373 etquafi
414 1318 578 1366 cultus,
625 1316 658 1356 is
700 1314 944 1355 Tertulliani
985 1323 1114 1354 aetate
1143 1312 1322 1352 nondum

181 1391 398 1432 exstiterat.
458 1387 708 1429 Adversariis
735 1397 865 1425 tamen
895 1384 959 1425 vel
1002 1386 1082 1426 fine
1127 1383 1324 1424 calumni-

179 1461 272 1501 andi
303 1459 437 1500 studio
474 1456 676 1511 ejusmodi
723 1449 867 1508 opinio
905 1453 1028 1495 facile
1068 1454 1224 1493 oboriri
1247 1465 1324 1505 po-

181 1537 341 1575 tuerat,
387 1539 479 1566 cum
508 1527 613 1564 fanm
644 1524 967 1575 percrebuisset,
1014 1536 1036 1563 a
1076 1522 1322 1563 Christianis

182 1597 270 1639 coli
295 1596 503 1637 hominem
534 1594 649 1634 cruci
689 1590 864 1631 affixum.
954 1588 1149 1641 Denique
1185 1590 1326 1630 adver-

184 1669 292 1710 sarii>
327 1665 584 1708 Christianos
628 1659 732 1716 solis
771 1659 952 1701 cultores
994 1659 1078 1699 esse
1121 1659 1322 1700 dicebant.

168 1738 254 1794 ἐΕΚ
305 1736 550 1791 judaeorum
607 1733 714 1772 enim
763 1743 877 1771 more
930 1731 1035 1769 inter
1068 1727 1324 1770 Christianos
1378 1764 1381 1766 .

188 1810 332 1862 sponte
375 1807 456 1847 hoc
499 1802 749 1847 invaluerat,
795 1813 839 1842 ut
880 1801 976 1843 Deo
1007 1812 1152 1853 preces
1182 1798 1323 1840 funde-

188 1890 278 1920 rent
304 1877 353 1918 tid
374 1877 577 1916 orientem
602 1874 797 1913 converri.
858 1871 1068 1912 Praeterea
1091 1883 1190 1911 vero
1218 1869 1323 1910 diem

189 1948 288 1989 'solis
316 1952 348 1989 ‘a
393 1939 636 1986 Christianis
672 1943 874 1996 imprimis
917 1941 1113 1983 celebrari
1145 1941 1324 1982 sciebant

192 2018 376 2059 -Ethnich
438 2016 515 2057 Vel
549 2015 600 2056 fic
630 2025 759 2053 tamen
790 2013 888 2052 hacc
917 2014 1084 2053 crimina
1114 2022 1327 2067 argumena

191 2095 327 2129 ‘torum
356 2091 399 2128 vi
427 2099 509 2127 non
542 2085 688 2126 refutat
715 2083 1003 2123 Tertullianus.
1078 2082 1215 2138 Negat
1257 2080 1327 2121 illa

197 2158 508 2208 tantummodo,
551 2168 680 2210 eaque
703 2156 743 2194 iu
785 2153 894 2207 ipsos
936 2154 1181 2196 adversarios
1210 2161 1327 2192 acute

1266 2232 1327 2261 re-
