1513 2734
669 138 958 197 -(46)

347 283 590 326 auctoritate
619 290 837 327 ornantur,
880 289 925 319 ut
949 278 1102 334 Judex‚
1147 279 1215 323 etsi
1255 262 1357 324 c'on·

351 364 411 395 tra
434 353 542 394 suam
572 349 860 392 conscientiam
879 378 892 398 ‚
923 362 988 390 eas
1003 350 1212 393 admittere
1235 353 1357 393 debee

350 437 419 473 at,
466 423 560 471 dum
607 419 951 474 praesumtionum
993 421 1168 462 hominis
1211 436 1258 464 ea
1299 434 1361 464 est

349 505 518 542 natura,
549 503 594 532 ut
620 490 745 545 judex
773 502 976 543 nunquam
1003 502 1174 545 cogatur
1197 497 1264 532 eas
1291 493 1359 533 ad·

352 566 540 611 mittere,
570 561 673 602 adeo
703 560 897 614 quidem,
942 572 987 601 ut
1018 561 1043 600 fi
1075 549 1216 602 contra
1245 572 1359 604 com·

351 644 515 675 munem
548 632 728 672 omnium
760 631 999 684 opinionem
1022 631 1361 683 praesumtionem

352 704 528 757 aliquam
554 701 756 743 admiserit
785 711 852 741 aut
876 713 960 740 non
1002 700 1202 740 admiserit
1218 732 1230 750 ‚
1275 701 1364 754 ejus

351 771 549 827 iudicium
572 784 660 812 eam
687 772 742 812 ob
769 770 926 811 causam
949 770 1123 811 rescindi
1144 782 1333 825 nequeat.

785 911 809 963 ς
841 908 956 951 vni.

427 1050 498 1094 De
530 1047 921 1107 praesumtionibus
961 1049 1171 1101 hominis,
1209 1048 1296 1104 five

411 1112 413 1114 ’
778 1121 954 1175 judicis.

416 1260 613 1317 Quamvis
655 1273 754 1302 vero
784 1262 836 1303 fic
864 1261 1013 1316 judicis
1042 1260 1211 1301 arbitrio
1243 1259 1364 1301 relic·-

359 1344 421 1373 tae
451 1333 524 1373 sint
553 1332 868 1386 praesumtiones
898 1332 1103 1380 hominis,
1149 1343 1247 1383 quas
1277 1329 1366 1371 vul*

359 1416 415 1457 go
456 1403 659 1455 simplices
698 1412 876 1451 vocant,
921 1401 1188 1442 nihilominus
1232 1411 1363 1441 tamen

358 1472 570 1526 legislator
604 1471 762 1526 regulas
788 1471 1002 1512 nonnullas
1030 1471 1198 1511 statuere
1223 1480 1363 1524 potest

359 1555 411 1582 eo
442 1555 533 1583 cum
563 1540 738 1591 effectu,
770 1553 841 1590 ut,
880 1541 905 1581 fi
937 1554 1002 1581 eas
1033 1553 1082 1580 ex
1107 1551 1275 1592 aspectu
1300 1552 1362 1580 re-

360 1614 535 1653 moverit
562 1611 942 1666 judex‚'judiciu111
972 1611 1197 1651 rescisfioni
1230 1610 1363 1650 obno-

358 1684 471 1723 xium
499 1682 557 1722 fit.
619 1681 825 1736 Quasnam
852 1680 1010 1735 regulas
1048 1681 1122 1722 hac
1149 1681 1190 1721 in
1220 1692 1262 1720 re
1291 1680 1364 1722 sta-

360 1754 481 1794 tuerit
521 1750 726 1807 legislatio
769 1749 957 1802 Gallica,
1001 1752 1143 1804 paucis
1182 1763 1362 1804 expone-

357 1837 460 1866 mus.

169 1906 314 1942 Dedoc-
414 1894 504 1934 Art.
539 1903 642 1945 1353
672 1890 769 1932 Cod.
799 1889 949 1945 Nap.,
981 1891 1023 1930 in
1051 1903 1136 1943 quo
1160 1892 1295 1945 agitur
1308 1891 1359 1932 de

147 1963 342 2040 {Tssollffig
357 1963 751 2017 praesumtionibus,
796 1974 898 2015 quae
938 1974 1020 2001 non
1056 1961 1143 2002 sunt
1173 1960 1264 2015 lege
1294 1974 1361 2002 ac-

149 2045 310 2095 ticichca
357 2046 500 2087 ceptae
527 2032 627 2087 (qui
655 2046 704 2074 ne
725 2030 823 2087 shut
843 2033 966 2086 point
996 2032 1172 2073 &tablies
1191 2039 1284 2086 par
1314 2033 1361 2073 la

147 2091 322 2177 ξξξιῗὲξᾞῑ-
356 2102 469 2157 lei),
514 2104 569 2143 ita
595 2114 819 2156 conceptus
847 2114 934 2143 est:
979 2131 1007 2155 ‚‚
1038 2099 1119 2142 Les
1142 2098 1360 2156 pressomp-

149 2176 243 2213 dicis.
336 2204 384 2230 ,,,
413 2176 549 2224 tiam,
595 2174 670 2229 qui
710 2187 762 2216 ne
793 2170 892 2228 sont
917 2173 1042 2230 point
1071 2171 1247 2215 amblies
1266 2179 1358 2225 par

1248 2269 1277 2294 ‚‚
1307 2242 1354 2281 la
