1513 2734
601 169 854 227 (119)

166 339 195 365 „
224 322 357 365 neque
405 311 563 352 conscii
616 309 738 352 fuisse
791 306 1008 351 videntur''
1038 305 1063 362 <
1072 304 1134 361 1).
1194 305 1286 350 Hac

165 393 299 438 autem
327 382 368 421 in
396 392 438 421 re
468 381 539 434 ipsi
578 380 699 422 facile
736 391 907 435 potuere
947 378 1096 432 decipi.
1156 377 1286 433 Quod

165 449 328 503 quidem
360 450 401 490 in
428 462 473 490 ea
503 451 791 492 miraculorum
819 450 963 499 causa,
995 448 1289 502 saepenumero

163 520 257 573 ipfis
271 519 334 560 vel
352 520 648 573 praesentibus,
671 522 737 564 vel
761 521 1024 569 auctoribus,
1054 518 1283 568 editorum,

162 592 233 632 vix
263 590 348 631 fieri
376 603 552 646 poterat.

219 659 346 702 Hisce
368 672 501 702 autem
527 663 773 716 argumentis
803 661 986 714 quamvis
1006 657 1284 701 Tertullianus

158 729 392 771 adversariis
416 730 507 770 satis
523 731 720 784 superque
737 730 977 783 probasset,
1002 730 1282 779 Christianos,

159 802 342 853 quamvis
369 800 579 841 Christum
605 800 788 841 colerent
814 800 1032 847 Mesfiam,
1068 813 1090 840 a
1110 799 1286 854 Judaeo·

157 883 246 912 rum
274 868 359 912 Dei
388 870 502 912 cultu
530 872 697 912 minime
726 869 941 912 descivisse
958 901 970 920 ,
988 881 1134 910 tamen
1152 900 1165 919 ‚
1197 883 1283 924 quo

157 941 288 996 magis
308 940 351 981 id
372 940 454 981 illis
476 940 736 994 persuadeat,
767 943 944 982 rationes
969 940 1162 992 exhibet,
1193 941 1285 993 qui-

157 1011 235 1052 bus
264 1014 441 1064 permoti
466 1012 608 1066 Judaci
634 1012 729 1054 huic
757 1012 927 1053 Christo
945 1042 958 1061 ,
990 1012 1062 1054 fibi
1100 1011 1152 1052 ab
1189 1010 1282 1063 ipso

153 1081 311 1136 Jehova
335 1083 563 1136 promisso,
589 1082 710 1123 fidem
755 1081 860 1123 haud
894 1082 1102 1123 haberent.
1163 1079 1283 1135 Quae

155 1151 350 1204 profecto
372 1164 433 1192 res
455 1152 688 1192 adversariis
711 1164 795 1192 non
817 1153 915 1193 mira
937 1151 1123 1193 accidere
1139 1150 1284 1191 Chris·

155 1222 440 1275 tianorumque
497 1222 674 1263 caussam
716 1223 809 1275 ipfis
850 1222 1076 1274 suspectam
1114 1220 1284 1266 reddere

153 1304 239 1333 non
266 1302 439 1345 poterat.
499 1291 596 1333 Hoc
631 1293 755 1347 igitur
793 1303 839 1333 ut
880 1292 1062 1347 explicet
1101 1289 1283 1332 adversa-

153 1363 238 1403 rios
266 1374 499 1417 opportune
534 1375 695 1413 monet,
731 1362 906 1417 Judaeos
946 1361 1160 1402 offendisse
1204 1361 1281 1402 hu-

154 1431 294 1473 milem
321 1432 414 1487 Jesu
452 1434 494 1473 in
522 1433 597 1475 hac
624 1445 727 1474 terra
753 1433 945 1474 versantis
969 1433 1249 1474 conditionem
1266 1461 1280 1482 ,

153 1517 274 1558 quam
316 1515 449 1544 tamen
491 1515 574 1543 non
613 1504 774 1552 minim,
835 1516 956 1557 quam
999 1504 1281 1557 augustiorem

151 1574 241 1628 ejus
269 1574 573 1622 conditionem,
603 1574 832 1615 annuissent
853 1574 1092 1627 prophetae.
1144 1571 1282 1613 Acce-

153 1644 272 1684 dente
294 1657 393 1684 vero
416 1644 565 1684 invidia
577 1643 822 1696 Judaeorum
848 1645 1068 1691 doctores,
1097 1642 1151 1682 ob
1168 1654 1280 1695 mag-

152 1727 243 1756 nam
286 1714 443 1755 Christi
483 1712 723 1754 asseclarum
765 1716 957 1766 copiam,
999 1726 1050 1753 eo
1080 1712 1282 1753 adductos

151 1786 236 1826 csse
264 1786 393 1834 dicit,
425 1795 469 1824 ut
497 1782 599 1823 nihil
630 1775 850 1837 quidquam
882 1785 1121 1824 intentatum
1155 1781 1278 1822 relin-

153 1855 351 1898 querent,
396 1856 480 1896 quo
519 1843 591 1894 ipfi
632 1842 836 1883 molestias
886 1854 1100 1896 parerent,
1143 1841 1277 1882 donec

153 1915 312 1956 tandem
341 1926 433 1954 eum
465 1915 506 1954 in
534 1925 697 1954 crucem
726 1912 925 1968 agendum
956 1912 1181 1960 curassent,
1213 1912 1277 1964 ip-

151 1987 309 2038 suisque
351 1984 454 2025 adeo
497 1997 520 2023 e
564 1985 736 2025 mortuis
776 1983 1114 2025 resurrectionem
1139 1996 1166 2022 a
1194 1982 1277 2022 dis-

151 2054 302 2110 cipulis
339 2053 474 2095 fictam
514 2054 598 2095 esse
639 2052 954 2109 perhibuissent.
1015 2052 1133 2094 Hanc
1174 2064 1275 2095 vero

1205 2122 1278 2177 Ju-

196 2201 262 2249 (1)
289 2203 370 2239 Sunt
390 2203 494 2238 verba
518 2202 874 2243 Eisenlohrii‚
899 2203 922 2237 1.
947 2202 970 2235 1.
993 2212 1029 2245 p.
1057 2210 1131 2245 177.
