1513 2734
544 146 772 205 (31)

89 299 166 333 no's
207 291 259 332 ab
286 290 369 345 ipsa
392 289 497 332 adeo
530 290 819 333 suffocatorum
845 284 1076 328 animalium
1106 285 1226 324 carne

89 360 306 410 abstinere,
339 375 415 409 ac,
446 375 572 403 raram
613 361 668 401 ob
696 361 951 406 castitatem,
991 367 1065 409 per
1088 365 1224 394 totam

89 431 212 472 vitam
246 431 308 471 vel
342 431 559 472 honestum
587 430 775 486 refugere
815 427 1069 481 conjugium.
1096 437 1100 440 ·
1126 423 1227 478 Quo

90 501 218 556 magis
261 513 396 542 autem
440 501 697 543 Christianos
734 499 786 539 ab
841 495 1055 541 infantium
1110 493 1233 535 caede

90 571 391 612 immuneszesse
407 572 586 624 probet,
618 571 742 625 ipsam
773 563 1234 622 religionemChristia·

91 652 184 681 nam
225 641 451 683 homicidas
505 641 613 683 haud
661 639 902 685 admittere,
947 635 1098 677 summa
1140 645 1234 675 cum

91 711 308 766 prudentia
337 711 569 754 adversariis
597 710 776 752 affirmat.
809 708 876 749 Ad
904 707 986 748 hoc
1004 706 1102 746 mihi
1126 702 1235 745 forte

93 782 352 836 reposueris:
384 782 555 823 multum
584 792 717 822 tamen
746 779 888 827 abest,
919 788 964 817 ut
996 776 1051 817 ob
1067 775 1234 829 religios

93 855 185 901 nis,
222 865 342 906 quam
369 854 461 905 quis
500 851 768 905 profiteatur,
800 846 1103 902 praestantiam,
1126 876 1129 878 .
1149 843 1236 896 ip‘se
1268 857 1271 860 ’

93 923 251 976 integer
278 923 323 963 fit
352 924 458 962 vitae
489 921 735 974 scelerisque
764 930 904 972 purus.
963 916 1021 956 At
1044 926 1145 955 vero
1172 913 1235 954 so-

94 993 221 1034 cietas
249 991 482 1033 Christiana
513 1005 566 1031 eo
592 1000 802 1041 tempore,
835 985 947 1040 quod
971 986 1053 1039 jam
1080 984 1236 1025 dic-tum

93 1072 185 1110 est,
229 1061 350 1114 ipfius
393 1060 608 1115 religionis
650 1058 831 1100 indolem
858 1058 943 1099 vita
970 1068 1017 1097 ac
1048 1054 1236 1096 moribus

96 1131 245 1172 eximie
272 1129 489 1171 referebat.
713 1128 716 1131 ’
1011 1137 1014 1141 ’
1100 1136 1102 1138 ’
1124 1122 1127 1125 ’

582 1256 733 1312 μω.

414 1352 885 1432 ,ΚΕὶιοια

179 1534 510 1571 ’ΒΕΡΕΝΒΟΝΤΗΚ
540 1531 791 1572 CHR13T1AN1
807 1532 877 1578 ..ΑΒ
890 1541 895 1561 ῑ
906 1530 1158 1565 IMPIETATIS

572 1603 771 1633 CRIMINE.
788 1626 790 1628 ,

439 1817 692 1872 Exponitur
721 1817 898 1859 crimen.

109 1903 304 1998 Aliud,
336 1946 449 2002 quod
478 1945 721 1995 Christianis
753 1945 1026 2000 objiciebatur
1057 1944 1208 1984 crimen
1227 1973 1239 1992 ‚

107 2018 330 2071 impietatis
360 2028 471 2067 erat,
517 2016 596 2056 five
639 2015 821 2070 plurium
843 2014 1030 2056 Deorum
1059 2021 1243 2060 contem·

108 2099 199 2137 ωε,
231 2101 410 2142 quocum
439 2087 661 2141 antiquitus
691 2084 909 2127 arctissime
942 2085 1243 2138 junctumehrat

110 2158 314 2203 Atheismi
353 2158 521 2201 crimen.
581 2155 710 2212 Quod
736 2142 940 2210 posterius
969 2155 1038 2196 etfi
1079 2152 1242 2195 Tertul-

1172 2222 1243 2264 lia—
