<?xml version="1.0" encoding="UTF-8"?>
<!DOCTYPE html PUBLIC "-//W3C//DTD XHTML 1.0 Transitional//EN"
    "http://www.w3.org/TR/xhtml1/DTD/xhtml1-transitional.dtd">
<html xmlns="http://www.w3.org/1999/xhtml" xml:lang="en" lang="en">
 <head>
  <title>
</title>
<meta http-equiv="Content-Type" content="text/html;charset=utf-8" />
  <meta name='ocr-system' content='tesseract 3.04.00' />
  <meta name='ocr-capabilities' content='ocr_page ocr_carea ocr_par ocr_line ocrx_word'/>
</head>
<body>
  <div class='ocr_page' id='page_1' title='image "annalesacademiae23acad_0127.png"; bbox 0 0 1513 2734; ppageno 0'>
   <div class='ocr_carea' id='block_1_1' title="bbox 571 151 795 209">
    <p class='ocr_par' dir='ltr' id='par_1_1' title="bbox 571 151 795 209">
     <span class='ocr_line' id='line_1_1' title="bbox 571 151 795 209; baseline -0.009 -1"><span class='ocrx_word' id='word_1_1' title='bbox 571 151 795 209; x_wconf 81' lang='grc'>(45)</span> 
     </span>
    </p>
   </div>
   <div class='ocr_carea' id='block_1_2' title="bbox 134 286 1275 1006">
    <p class='ocr_par' dir='ltr' id='par_1_2' title="bbox 134 286 1275 1006">
     <span class='ocr_line' id='line_1_2' title="bbox 136 286 1266 346; baseline -0.004 -13"><span class='ocrx_word' id='word_1_2' title='bbox 136 292 334 333; x_wconf 73' lang='lat' dir='ltr'>vSimons!</span> <span class='ocrx_word' id='word_1_3' title='bbox 366 291 592 346; x_wconf 84' lang='lat' dir='ltr'>Conjunxit</span> <span class='ocrx_word' id='word_1_4' title='bbox 613 303 689 333; x_wconf 91' lang='lat' dir='ltr'>nos</span> <span class='ocrx_word' id='word_1_5' title='bbox 717 289 816 332; x_wconf 89' lang='lat' dir='ltr'>olim</span> <span class='ocrx_word' id='word_1_6' title='bbox 842 287 1113 331; x_wconf 69' lang='lat' dir='ltr'>dulcissimum</span> <span class='ocrx_word' id='word_1_7' title='bbox 1138 286 1266 338; x_wconf 84' lang='lat' dir='ltr'>illud,</span> 
     </span>
     <span class='ocr_line' id='line_1_3' title="bbox 142 371 1268 429; baseline -0.004 -14"><span class='ocrx_word' id='word_1_8' title='bbox 142 375 256 429; x_wconf 90' lang='lat' dir='ltr'>quod</span> <span class='ocrx_word' id='word_1_9' title='bbox 284 373 348 415; x_wconf 92' lang='lat' dir='ltr'>Tu</span> <span class='ocrx_word' id='word_1_10' title='bbox 370 374 522 416; x_wconf 83' lang='lat' dir='ltr'>summo</span> <span class='ocrx_word' id='word_1_11' title='bbox 547 375 688 416; x_wconf 82' lang='lat' dir='ltr'>ardore</span> <span class='ocrx_word' id='word_1_12' title='bbox 708 385 748 414; x_wconf 88' lang='lat' dir='ltr'>et</span> <span class='ocrx_word' id='word_1_13' title='bbox 770 373 994 416; x_wconf 85' lang='lat' dir='ltr'>eruditione</span> <span class='ocrx_word' id='word_1_14' title='bbox 1032 371 1236 425; x_wconf 87' lang='lat' dir='ltr'>profiteris</span> <span class='ocrx_word' id='word_1_15' title='bbox 1255 399 1268 420; x_wconf 82' lang='grc'><em>,</em></span> 
     </span>
     <span class='ocr_line' id='line_1_4' title="bbox 142 436 1272 512; baseline -0.004 -14"><span class='ocrx_word' id='word_1_16' title='bbox 142 457 335 511; x_wconf 88' lang='lat' dir='ltr'>quodque</span> <span class='ocrx_word' id='word_1_17' title='bbox 364 458 463 498; x_wconf 87' lang='lat' dir='ltr'>mihi</span> <span class='ocrx_word' id='word_1_18' title='bbox 485 457 640 512; x_wconf 84' lang='lat' dir='ltr'><strong>semper</strong></span> <span class='ocrx_word' id='word_1_19' title='bbox 669 459 708 497; x_wconf 85' lang='lat' dir='ltr'>in</span> <span class='ocrx_word' id='word_1_20' title='bbox 727 436 948 512; x_wconf 71' lang='lat' dir='ltr'>juveututis</span> <span class='ocrx_word' id='word_1_21' title='bbox 976 455 1053 496; x_wconf 83' lang='lat' dir='ltr'>fuit</span> <span class='ocrx_word' id='word_1_22' title='bbox 1089 454 1272 503; x_wconf 81' lang='lat' dir='ltr'>deliciis,</span> 
     </span>
     <span class='ocr_line' id='line_1_5' title="bbox 141 537 1270 595; baseline -0.004 -15"><span class='ocrx_word' id='word_1_23' title='bbox 141 538 369 581; x_wconf 84' lang='lat' dir='ltr'>Literarum</span> <span class='ocrx_word' id='word_1_24' title='bbox 427 539 596 581; x_wconf 87' lang='lat' dir='ltr'>studium</span> <span class='ocrx_word' id='word_1_25' title='bbox 636 540 923 595; x_wconf 79' lang='lat' dir='ltr'>Belgicarum3</span> <span class='ocrx_word' id='word_1_26' title='bbox 982 537 1049 578; x_wconf 88' lang='lat' dir='ltr'>sed</span> <span class='ocrx_word' id='word_1_27' title='bbox 1091 538 1270 577; x_wconf 84' lang='lat' dir='ltr'>omnium</span> 
     </span>
     <span class='ocr_line' id='line_1_6' title="bbox 134 620 1275 677; baseline -0.005 -11"><span class='ocrx_word' id='word_1_28' title='bbox 134 624 314 666; x_wconf 79' lang='lat' dir='ltr'>‚maxime</span> <span class='ocrx_word' id='word_1_29' title='bbox 342 623 543 672; x_wconf 85' lang='lat' dir='ltr'>amicitia,</span> <span class='ocrx_word' id='word_1_30' title='bbox 575 636 653 677; x_wconf 85' lang='lat' dir='ltr'>qua</span> <span class='ocrx_word' id='word_1_31' title='bbox 679 635 743 663; x_wconf 90' lang='lat' dir='ltr'>me</span> <span class='ocrx_word' id='word_1_32' title='bbox 768 634 909 663; x_wconf 85' lang='lat' dir='ltr'>ornare</span> <span class='ocrx_word' id='word_1_33' title='bbox 936 620 1103 661; x_wconf 81' lang='lat' dir='ltr'>voluisti</span> <span class='ocrx_word' id='word_1_34' title='bbox 1131 620 1180 660; x_wconf 82' lang='lat' dir='ltr'>ab</span> <span class='ocrx_word' id='word_1_35' title='bbox 1223 631 1275 660; x_wconf 84' lang='lat' dir='ltr'>eo</span> 
     </span>
     <span class='ocr_line' id='line_1_7' title="bbox 141 702 1274 759; baseline -0.003 -14"><span class='ocrx_word' id='word_1_36' title='bbox 141 705 234 746; x_wconf 88' lang='lat' dir='ltr'>inde</span> <span class='ocrx_word' id='word_1_37' title='bbox 265 716 475 759; x_wconf 87' lang='lat' dir='ltr'>tempore,</span> <span class='ocrx_word' id='word_1_38' title='bbox 522 718 605 759; x_wconf 89' lang='lat' dir='ltr'>quo</span> <span class='ocrx_word' id='word_1_39' title='bbox 635 707 674 745; x_wconf 90' lang='lat' dir='ltr'>in</span> <span class='ocrx_word' id='word_1_40' title='bbox 702 705 806 746; x_wconf 83' lang='lat' dir='ltr'>hanc</span> <span class='ocrx_word' id='word_1_41' title='bbox 833 704 1029 745; x_wconf 83' lang='lat' dir='ltr'>advenisti</span> <span class='ocrx_word' id='word_1_42' title='bbox 1058 702 1274 743; x_wconf 85' lang='lat' dir='ltr'>Academi-</span> 
     </span>
     <span class='ocr_line' id='line_1_8' title="bbox 140 784 1273 840; baseline -0.004 -12"><span class='ocrx_word' id='word_1_43' title='bbox 140 797 234 837; x_wconf 61' lang='grc' dir='ltr'>επις</span> <span class='ocrx_word' id='word_1_44' title='bbox 265 798 424 840; x_wconf 85' lang='lat' dir='ltr'>quaque</span> <span class='ocrx_word' id='word_1_45' title='bbox 455 788 518 827; x_wconf 59' lang='lat' dir='ltr'>tua</span> <span class='ocrx_word' id='word_1_46' title='bbox 549 788 588 827; x_wconf 88' lang='lat' dir='ltr'>in</span> <span class='ocrx_word' id='word_1_47' title='bbox 617 787 741 828; x_wconf 89' lang='lat' dir='ltr'>domo</span> <span class='ocrx_word' id='word_1_48' title='bbox 759 817 772 837; x_wconf 90' lang='lat'>,</span> <span class='ocrx_word' id='word_1_49' title='bbox 803 787 1005 827; x_wconf 80' lang='lat' dir='ltr'>amicitiae</span> <span class='ocrx_word' id='word_1_50' title='bbox 1022 785 1131 827; x_wconf 87' lang='lat' dir='ltr'>velut</span> <span class='ocrx_word' id='word_1_51' title='bbox 1160 784 1273 834; x_wconf 87' lang='lat' dir='ltr'>sede,</span> 
     </span>
     <span class='ocr_line' id='line_1_9' title="bbox 139 867 1275 923; baseline -0.001 -14"><span class='ocrx_word' id='word_1_52' title='bbox 139 880 181 910; x_wconf 91' lang='lat' dir='ltr'>et</span> <span class='ocrx_word' id='word_1_53' title='bbox 219 871 373 911; x_wconf 85' lang='lat' dir='ltr'>amicos</span> <span class='ocrx_word' id='word_1_54' title='bbox 412 881 452 909; x_wconf 90' lang='lat' dir='ltr'>et</span> <span class='ocrx_word' id='word_1_55' title='bbox 491 868 645 910; x_wconf 84' lang='lat' dir='ltr'>sodales</span> <span class='ocrx_word' id='word_1_56' title='bbox 676 871 866 923; x_wconf 84' lang='lat' dir='ltr'>excipere</span> <span class='ocrx_word' id='word_1_57' title='bbox 895 867 1013 910; x_wconf 87' lang='lat' dir='ltr'>soles.</span> <span class='ocrx_word' id='word_1_58' title='bbox 1074 867 1275 921; x_wconf 88' lang='lat' dir='ltr'>Perpetua</span> 
     </span>
     <span class='ocr_line' id='line_1_10' title="bbox 139 940 1273 1006; baseline -0.001 -13"><span class='ocrx_word' id='word_1_59' title='bbox 139 953 186 994; x_wconf 90' lang='lat' dir='ltr'>fit</span> <span class='ocrx_word' id='word_1_60' title='bbox 214 953 334 993; x_wconf 84' lang='lat' dir='ltr'>nobis</span> <span class='ocrx_word' id='word_1_61' title='bbox 364 965 519 1006; x_wconf 82' lang='lat' dir='ltr'>porro,</span> <span class='ocrx_word' id='word_1_62' title='bbox 565 951 639 992; x_wconf 86' lang='lat' dir='ltr'>Vir</span> <span class='ocrx_word' id='word_1_63' title='bbox 679 940 934 994; x_wconf 80' lang='lat' dir='ltr'>Clarisfime!</span> <span class='ocrx_word' id='word_1_64' title='bbox 981 951 1081 992; x_wconf 88' lang='lat' dir='ltr'>haec</span> <span class='ocrx_word' id='word_1_65' title='bbox 1124 949 1273 992; x_wconf 88' lang='lat' dir='ltr'>studio·</span> 
     </span>
    </p>
   </div>
   <div class='ocr_carea' id='block_1_3' title="bbox 140 1035 859 1090">
    <p class='ocr_par' dir='ltr' id='par_1_3' title="bbox 140 1035 859 1090">
     <span class='ocr_line' id='line_1_11' title="bbox 140 1035 859 1090; baseline 0.001 -15"><span class='ocrx_word' id='word_1_66' title='bbox 140 1047 229 1076; x_wconf 86' lang='lat' dir='ltr'>rum</span> <span class='ocrx_word' id='word_1_67' title='bbox 257 1036 562 1088; x_wconf 85' lang='lat' dir='ltr'>animorumque</span> <span class='ocrx_word' id='word_1_68' title='bbox 590 1035 859 1090; x_wconf 89' lang='lat' dir='ltr'>conjunctio!</span> 
     </span>
    </p>
   </div>
   <div class='ocr_carea' id='block_1_4' title="bbox 135 1199 1276 2333">
    <p class='ocr_par' dir='ltr' id='par_1_4' title="bbox 135 1199 1276 2253">
     <span class='ocr_line' id='line_1_12' title="bbox 197 1199 1276 1254; baseline -0.002 -13"><span class='ocrx_word' id='word_1_69' title='bbox 197 1200 264 1241; x_wconf 91' lang='lat' dir='ltr'>Ad</span> <span class='ocrx_word' id='word_1_70' title='bbox 289 1212 363 1240; x_wconf 81' lang='lat' dir='ltr'>vos</span> <span class='ocrx_word' id='word_1_71' title='bbox 389 1199 546 1240; x_wconf 73' lang='lat' dir='ltr'>tandem</span> <span class='ocrx_word' id='word_1_72' title='bbox 578 1211 641 1239; x_wconf 89' lang='lat' dir='ltr'>me</span> <span class='ocrx_word' id='word_1_73' title='bbox 670 1211 895 1249; x_wconf 82' lang='lat' dir='ltr'>converto,</span> <span class='ocrx_word' id='word_1_74' title='bbox 924 1199 1098 1254; x_wconf 87' lang='lat' dir='ltr'>Juvenes</span> <span class='ocrx_word' id='word_1_75' title='bbox 1127 1200 1276 1241; x_wconf 84' lang='lat' dir='ltr'>suavis-</span> 
     </span>
     <span class='ocr_line' id='line_1_13' title="bbox 135 1281 1275 1337; baseline -0.003 -12"><span class='ocrx_word' id='word_1_76' title='bbox 135 1283 251 1332; x_wconf 79' lang='lat' dir='ltr'>fimi,</span> <span class='ocrx_word' id='word_1_77' title='bbox 302 1281 559 1337; x_wconf 80' lang='lat' dir='ltr'>Theologiae</span> <span class='ocrx_word' id='word_1_78' title='bbox 602 1282 787 1325; x_wconf 83' lang='lat' dir='ltr'>studiofi!</span> <span class='ocrx_word' id='word_1_79' title='bbox 833 1281 983 1324; x_wconf 80' lang='lat' dir='ltr'>Incenfi</span> <span class='ocrx_word' id='word_1_80' title='bbox 1022 1284 1117 1323; x_wconf 91' lang='lat' dir='ltr'>estis</span> <span class='ocrx_word' id='word_1_81' title='bbox 1161 1281 1275 1323; x_wconf 84' lang='lat' dir='ltr'>Lite-</span> 
     </span>
     <span class='ocr_line' id='line_1_14' title="bbox 139 1364 1275 1420; baseline -0.001 -14"><span class='ocrx_word' id='word_1_82' title='bbox 139 1378 269 1407; x_wconf 86' lang='lat' dir='ltr'>rarum</span> <span class='ocrx_word' id='word_1_83' title='bbox 298 1377 338 1406; x_wconf 89' lang='lat' dir='ltr'>et</span> <span class='ocrx_word' id='word_1_84' title='bbox 367 1364 650 1420; x_wconf 79' lang='lat' dir='ltr'>Theologiae,</span> <span class='ocrx_word' id='word_1_85' title='bbox 682 1377 758 1406; x_wconf 89' lang='lat' dir='ltr'>nec</span> <span class='ocrx_word' id='word_1_86' title='bbox 786 1378 883 1406; x_wconf 89' lang='lat' dir='ltr'>vero</span> <span class='ocrx_word' id='word_1_87' title='bbox 912 1367 1055 1412; x_wconf 84' lang='lat' dir='ltr'>minus</span> <span class='ocrx_word' id='word_1_88' title='bbox 1085 1366 1275 1406; x_wconf 82' lang='lat' dir='ltr'>historiae</span> 
     </span>
     <span class='ocr_line' id='line_1_15' title="bbox 138 1447 1275 1504; baseline -0.004 -12"><span class='ocrx_word' id='word_1_89' title='bbox 138 1447 450 1492; x_wconf 66' lang='lat' dir='ltr'>Ecclesiasticus&gt;</span> <span class='ocrx_word' id='word_1_90' title='bbox 494 1447 636 1489; x_wconf 84' lang='lat' dir='ltr'>studio.</span> <span class='ocrx_word' id='word_1_91' title='bbox 726 1448 850 1503; x_wconf 82' lang='lat' dir='ltr'>Agite</span> <span class='ocrx_word' id='word_1_92' title='bbox 881 1450 1031 1504; x_wconf 80' lang='lat' dir='ltr'>igitur!</span> <span class='ocrx_word' id='word_1_93' title='bbox 1076 1461 1140 1488; x_wconf 88' lang='lat' dir='ltr'>me</span> <span class='ocrx_word' id='word_1_94' title='bbox 1170 1448 1275 1488; x_wconf 85' lang='lat' dir='ltr'>assu·</span> 
     </span>
     <span class='ocr_line' id='line_1_16' title="bbox 139 1530 1275 1582; baseline -0.001 -10"><span class='ocrx_word' id='word_1_95' title='bbox 139 1533 255 1572; x_wconf 85' lang='lat' dir='ltr'>matis</span> <span class='ocrx_word' id='word_1_96' title='bbox 295 1544 377 1572; x_wconf 86' lang='lat' dir='ltr'>non</span> <span class='ocrx_word' id='word_1_97' title='bbox 416 1531 629 1573; x_wconf 85' lang='lat' dir='ltr'>doctorem</span> <span class='ocrx_word' id='word_1_98' title='bbox 672 1542 855 1582; x_wconf 86' lang='lat' dir='ltr'>tantum,</span> <span class='ocrx_word' id='word_1_99' title='bbox 907 1531 976 1572; x_wconf 87' lang='lat' dir='ltr'>sed</span> <span class='ocrx_word' id='word_1_100' title='bbox 1019 1530 1196 1572; x_wconf 83' lang='lat' dir='ltr'>sodalem</span> <span class='ocrx_word' id='word_1_101' title='bbox 1234 1542 1275 1571; x_wconf 86' lang='lat' dir='ltr'>et</span> 
     </span>
     <span class='ocr_line' id='line_1_17' title="bbox 140 1613 1274 1668; baseline -0.003 -12"><span class='ocrx_word' id='word_1_102' title='bbox 140 1616 312 1656; x_wconf 85' lang='lat' dir='ltr'>amicum</span> <span class='ocrx_word' id='word_1_103' title='bbox 340 1624 380 1654; x_wconf 87' lang='lat' dir='ltr'>et</span> <span class='ocrx_word' id='word_1_104' title='bbox 408 1615 560 1655; x_wconf 85' lang='lat' dir='ltr'>itineris</span> <span class='ocrx_word' id='word_1_105' title='bbox 590 1613 771 1664; x_wconf 86' lang='lat' dir='ltr'>socium,</span> <span class='ocrx_word' id='word_1_106' title='bbox 814 1616 883 1668; x_wconf 82' lang='lat' dir='ltr'>qui</span> <span class='ocrx_word' id='word_1_107' title='bbox 914 1613 1100 1655; x_wconf 88' lang='lat' dir='ltr'>lubenter</span> <span class='ocrx_word' id='word_1_108' title='bbox 1135 1613 1274 1655; x_wconf 80' lang='lat' dir='ltr'>vobis-</span> 
     </span>
     <span class='ocr_line' id='line_1_18' title="bbox 141 1696 1275 1752; baseline -0.003 -12"><span class='ocrx_word' id='word_1_109' title='bbox 141 1711 234 1740; x_wconf 88' lang='lat' dir='ltr'>cum</span> <span class='ocrx_word' id='word_1_110' title='bbox 259 1696 461 1752; x_wconf 86' lang='lat' dir='ltr'>jucundos</span> <span class='ocrx_word' id='word_1_111' title='bbox 489 1708 528 1736; x_wconf 88' lang='lat' dir='ltr'>et</span> <span class='ocrx_word' id='word_1_112' title='bbox 559 1696 694 1737; x_wconf 81' lang='lat' dir='ltr'>suaves</span> <span class='ocrx_word' id='word_1_113' title='bbox 730 1697 921 1738; x_wconf 75' lang='lat' dir='ltr'>historiae</span> <span class='ocrx_word' id='word_1_114' title='bbox 963 1696 1275 1738; x_wconf 85' lang='lat' dir='ltr'>Ecclefiasticae</span> 
     </span>
     <span class='ocr_line' id='line_1_19' title="bbox 141 1780 1272 1836; baseline -0.002 -14"><span class='ocrx_word' id='word_1_115' title='bbox 141 1793 308 1834; x_wconf 84' lang='lat' dir='ltr'>campos</span> <span class='ocrx_word' id='word_1_116' title='bbox 337 1791 617 1833; x_wconf 82' lang='lat' dir='ltr'>peragraturus</span> <span class='ocrx_word' id='word_1_117' title='bbox 643 1780 754 1830; x_wconf 85' lang='lat' dir='ltr'>sum,</span> <span class='ocrx_word' id='word_1_118' title='bbox 786 1781 826 1820; x_wconf 90' lang='lat' dir='ltr'>in</span> <span class='ocrx_word' id='word_1_119' title='bbox 866 1780 1014 1833; x_wconf 87' lang='lat' dir='ltr'>quibus</span> <span class='ocrx_word' id='word_1_120' title='bbox 1035 1781 1168 1836; x_wconf 76' lang='lat' dir='ltr'>paulo</span> <span class='ocrx_word' id='word_1_121' title='bbox 1186 1780 1272 1821; x_wconf 89' lang='lat' dir='ltr'>diu-</span> 
     </span>
     <span class='ocr_line' id='line_1_20' title="bbox 142 1862 1273 1916; baseline 0.001 -12"><span class='ocrx_word' id='word_1_122' title='bbox 142 1865 220 1904; x_wconf 90' lang='lat' dir='ltr'>tius</span> <span class='ocrx_word' id='word_1_123' title='bbox 247 1862 450 1912; x_wconf 72' lang='lat' dir='ltr'>versatus,</span> <span class='ocrx_word' id='word_1_124' title='bbox 485 1862 552 1902; x_wconf 81' lang='lat' dir='ltr'>sed</span> <span class='ocrx_word' id='word_1_125' title='bbox 579 1862 767 1914; x_wconf 70' lang='lat' dir='ltr'>ceterum}</span> <span class='ocrx_word' id='word_1_126' title='bbox 794 1863 914 1903; x_wconf 89' lang='lat' dir='ltr'>vobis</span> <span class='ocrx_word' id='word_1_127' title='bbox 941 1876 1014 1916; x_wconf 83' lang='lat' dir='ltr'>par</span> <span class='ocrx_word' id='word_1_128' title='bbox 1042 1862 1140 1904; x_wconf 87' lang='lat' dir='ltr'>sum.</span> <span class='ocrx_word' id='word_1_129' title='bbox 1203 1863 1273 1905; x_wconf 88' lang='lat' dir='ltr'>Sa-</span> 
     </span>
     <span class='ocr_line' id='line_1_21' title="bbox 143 1945 1274 2000; baseline 0 -14"><span class='ocrx_word' id='word_1_130' title='bbox 143 1957 193 1986; x_wconf 90' lang='lat' dir='ltr'>ne</span> <span class='ocrx_word' id='word_1_131' title='bbox 218 1958 301 1986; x_wconf 92' lang='lat' dir='ltr'>non</span> <span class='ocrx_word' id='word_1_132' title='bbox 330 1958 380 1986; x_wconf 84' lang='lat' dir='ltr'>eo</span> <span class='ocrx_word' id='word_1_133' title='bbox 412 1946 585 1986; x_wconf 88' lang='lat' dir='ltr'>invicem</span> <span class='ocrx_word' id='word_1_134' title='bbox 627 1945 819 1987; x_wconf 83' lang='lat' dir='ltr'>ducamur</span> <span class='ocrx_word' id='word_1_135' title='bbox 861 1945 1018 1996; x_wconf 85' lang='lat' dir='ltr'>studio,</span> <span class='ocrx_word' id='word_1_136' title='bbox 1061 1957 1105 1987; x_wconf 90' lang='lat' dir='ltr'>ut</span> <span class='ocrx_word' id='word_1_137' title='bbox 1142 1945 1274 2000; x_wconf 83' lang='lat' dir='ltr'>spinas</span> 
     </span>
     <span class='ocr_line' id='line_1_22' title="bbox 146 2028 1272 2073; baseline 0.001 -4"><span class='ocrx_word' id='word_1_138' title='bbox 146 2040 297 2069; x_wconf 83' lang='lat' dir='ltr'>tantum</span> <span class='ocrx_word' id='word_1_139' title='bbox 324 2028 571 2069; x_wconf 84' lang='lat' dir='ltr'>advertamus</span> <span class='ocrx_word' id='word_1_140' title='bbox 594 2039 635 2068; x_wconf 89' lang='lat' dir='ltr'>et</span> <span class='ocrx_word' id='word_1_141' title='bbox 661 2028 779 2069; x_wconf 82' lang='lat' dir='ltr'>flores</span> <span class='ocrx_word' id='word_1_142' title='bbox 810 2030 1028 2071; x_wconf 85' lang='lat' dir='ltr'>mittamus.</span> <span class='ocrx_word' id='word_1_143' title='bbox 1088 2028 1183 2073; x_wconf 81' lang='lat' dir='ltr'>Alia</span> <span class='ocrx_word' id='word_1_144' title='bbox 1212 2030 1272 2070; x_wconf 81' lang='lat' dir='ltr'>in·-</span> 
     </span>
     <span class='ocr_line' id='line_1_23' title="bbox 145 2108 1274 2154; baseline 0.003 -3"><span class='ocrx_word' id='word_1_145' title='bbox 145 2110 272 2152; x_wconf 85' lang='lat' dir='ltr'>valuit</span> <span class='ocrx_word' id='word_1_146' title='bbox 327 2108 636 2152; x_wconf 82' lang='lat' dir='ltr'>Ecclefiasticae</span> <span class='ocrx_word' id='word_1_147' title='bbox 688 2112 879 2153; x_wconf 84' lang='lat' dir='ltr'>historiae</span> <span class='ocrx_word' id='word_1_148' title='bbox 930 2111 1158 2154; x_wconf 82' lang='lat' dir='ltr'>tractandae</span> <span class='ocrx_word' id='word_1_149' title='bbox 1212 2125 1274 2154; x_wconf 87' lang='lat' dir='ltr'>ra-</span> 
     </span>
     <span class='ocr_line' id='line_1_24' title="bbox 148 2191 1272 2253; baseline 0.001 -17"><span class='ocrx_word' id='word_1_150' title='bbox 148 2195 220 2236; x_wconf 78' lang='lat' dir='ltr'>tio.</span> <span class='ocrx_word' id='word_1_151' title='bbox 248 2221 251 2223; x_wconf 88' lang='grc'>-</span> <span class='ocrx_word' id='word_1_152' title='bbox 281 2191 347 2253; x_wconf 57' lang='lat' dir='ltr'>Ei&lt;</span> <span class='ocrx_word' id='word_1_153' title='bbox 373 2193 464 2246; x_wconf 81' lang='lat' dir='ltr'>ipfis</span> <span class='ocrx_word' id='word_1_154' title='bbox 494 2193 720 2236; x_wconf 81' lang='lat' dir='ltr'>haurientes</span> <span class='ocrx_word' id='word_1_155' title='bbox 752 2194 935 2237; x_wconf 88' lang='lat' dir='ltr'>fontibus</span> <span class='ocrx_word' id='word_1_156' title='bbox 963 2206 1005 2237; x_wconf 87' lang='lat' dir='ltr'>et</span> <span class='ocrx_word' id='word_1_157' title='bbox 1035 2195 1173 2239; x_wconf 88' lang='lat' dir='ltr'>sedulo</span> <span class='ocrx_word' id='word_1_158' title='bbox 1203 2208 1272 2237; x_wconf 81' lang='lat' dir='ltr'>ex-</span> 
     </span>
    </p>

    <p class='ocr_par' dir='ltr' id='par_1_5' title="bbox 1177 2278 1272 2333">
     <span class='ocr_line' id='line_1_25' title="bbox 1177 2278 1272 2333; baseline 0.011 -14"><span class='ocrx_word' id='word_1_159' title='bbox 1177 2278 1272 2333; x_wconf 84' lang='lat' dir='ltr'>plo-</span> 
     </span>
    </p>
   </div>
  </div>
 </body>
</html>
