1513 2734
533 173 761 229 (55)

136 345 168 370 ,‚
197 325 261 362 est
296 312 495 356 attache'e
531 320 623 367 par
666 327 746 356 une
788 312 847 355 loi
891 309 1081 367 spacia'le
1118 310 1148 352 ὰ

134 415 168 439 ,,
198 385 387 428 certains
441 393 557 425 actes
601 397 650 425 ou
689 383 720 425 ἰι
762 383 955 436 certains
984 380 1149 436 faits.''

137 455 222 500 Hic
249 456 382 510 probe
413 454 732 506 observandum,
777 454 1056 510 legislatorem
1085 464 1147 493 re-

133 528 297 582 quirere
334 525 520 568 disertam
563 526 666 581 legis
720 525 1058 579 dispofitionem‚
1103 534 1148 564 ut

134 599 382 654 praesumtio
440 597 574 651 aliqua
631 595 773 651 legalis
812 595 953 637 vocari
995 594 1148 648 possit:

133 669 320 722 adeoque
364 667 475 709 uuila
518 666 766 721 praesumtio
811 666 880 708 hic
911 666 953 706 in
983 663 1148 706 censum

131 739 271 779 venire
298 747 459 791 potest,
491 738 562 778 nifi
594 738 711 793 cujus
739 735 926 790 expresse
954 734 1020 776 vel
1046 735 1147 776 taci-

134 818 175 848 te
205 806 346 861 (quod
371 806 499 861 vulgo
524 806 610 848 fieri
639 807 757 861 supra
783 804 1078 859 indicavimus)
1107 808 1149 847 in

131 876 222 931 ipso
267 877 428 919 Codice
466 879 622 919 mentio
663 877 746 919 fiat.
837 876 994 917 Omnes
1022 878 1150 932 igitur

131 947 480 1002 praesumtiones,
525 961 623 1003 quas
658 947 903 989 admiserunt
931 946 1145 1000 Juriscon-

130 1016 224 1058 sulti
265 1016 472 1068 Romani,
517 1029 702 1072 quaeque
742 1019 783 1058 in
813 1017 1005 1070 Corpore
1038 1015 1147 1070 Juris

128 1087 280 1130 Civilis
320 1087 498 1131 Romani
544 1090 831 1138 inveniuntur,
878 1086 1030 1128 nullam
1063 1088 1147 1127 vim

125 1159 228 1215 juris
269 1159 448 1211 habent,
493 1160 564 1202 nifi
609 1160 807 1214 quatenus
831 1171 855 1200 a
885 1156 1147 1200 Gallicisvle-

70 1231 75 1236 ’
128 1229 407 1285 ςῐεΙειῑοτίὒιιε,
428 1231 536 1272 nova
578 1229 684 1286 legis
713 1230 921 1271 sanctione
948 1239 1144 1281 acceptae

128 1301 231 1352 sint,
263 1301 359 1344 dum
383 1301 538 1357 judex,
581 1302 609 1343 fi
647 1312 895 1342 caeterarum
922 1299 1144 1344 auctorita-

130 1382 170 1412 te
209 1371 364 1421 fretus,
411 1373 460 1412 iis
484 1373 576 1414 usus
605 1372 650 1413 fit
677 1373 719 1413 in
748 1372 908 1426 judicio
928 1370 1046 1419 ‚su0‚
1075 1366 1146 1410 'ex

127 1443 498 1497 praesumtionibus
539 1453 693 1483 tantum
738 1443 917 1483 hominis
944 1439 1146 1496 judicasse

126 1513 351 1554 censendus
391 1525 479 1553 est:
526 1524 630 1566 quae
671 1524 734 1553 est
777 1512 1010 1556 observatio
1034 1510 1146 1553 Cel.

126 1582 405 1625 Toullier
437 1579 534 1637 (1).

186 1654 408 1707 Postquam
440 1651 653 1707 legislator
683 1654 814 1704 dixit,
847 1667 1042 1708 quaenam
1075 1653 1149 1695 fibi

130 1724 338 1766 habendae
378 1724 454 1766 smt
506 1723 611 1779 legis
656 1724 1006 1777 praesumtiones,
1053 1724 1146 1763 Art.

135 1808 244 1850 1350
285 1797 327 1836 in
368 1807 507 1838 earum
549 1793 750 1848 exemplis
797 1792 1052 1848 exponendis
1094 1795 1150 1834 ita

133 1868 293 1922 pergit:

186 1966 216 1990 „
247 1934 341 1977 Tels
366 1932 493 1991 sont:
547 1932 610 1986 Ι.)
651 1935 711 1976 les
733 1944 878 1984 actes,
910 1948 990 1990 que
1015 1935 1064 1976 la
1092 1934 1150 1977 loz·
1194 1946 1362 1990 Quaenam

128 2035 157 2060 ,‚
187 2006 362 2048 cidelare
388 2007 511 2062 mm,
545 2018 698 2047 comme
719 2003 942 2060 pre‘sumds
955 2004 1071 2061 faits
1095 1991 1364 2071 enssgffldffissfi·

128 2106 158 2131 „
180 2075 345 2133 fraude
375 2076 424 2118 de
444 2073 513 2132 ses
531 2076 819 2132 disposttions,
851 2076 892 2117 d'
897 2084 982 2132 apr
985 2079 1025 2118 ἐς
1050 2078 1269 2119 leurtantur
1314 2085 1363 2117 le-

995 2177 1025 2203 „
1045 2146 1144 2204 seu·

177 2223 241 2272 (ι)
265 2227 327 2271 Op.
353 2227 444 2261 laud.
466 2226 544 2262 Vol.
568 2227 612 2264 X.
632 2227 673 2264 n⁰
675 2251 686 2264 .
714 2237 758 2272 32
783 2235 819 2262 et
848 2236 930 2272 33..
