1513 2734
540 159 607 216 (
666 148 720 219 65
780 160 806 216 >

119 294 204 334 ‘bus
230 288 431 335 'humanis
476 298 748 351 gubernandis
793 296 1087 356 providentiam
1131 308 1253 352 tollit.

129 361 194 404 Re
223 363 379 407 scilicet
406 367 558 409 inversa
600 370 925 415 Christianorum
970 377 1106 419 Deum
1150 382 1256 434 ejus-

129 433 241 474 modi
273 434 543 478 calamitatum
575 453 697 481 unum
728 455 936 486 auctorem
977 447 1060 488 esse
1087 462 1257 490 conten-

98 517 107 526 ·
129 503 202 544 dit.
262 503 384 547 Hunc
412 521 543 549 autem
573 509 800 554 Romanam
826 527 988 569 gentem
1017 530 1067 558 eo
1097 522 1256 571 potissi-

129 586 240 614 mum
281 577 452 618 confilio
495 580 543 619 iis
585 581 758 635 affligere
797 585 991 634 affirmat,
1035 600 1079 629 ut
1121 591 1171 630 ab
1212 603 1258 632 ea

122 636 350 696 'impictatis
379 660 531 700 poenas
558 663 773 703 repeteret.
836 654 953 709 Quae
982 658 1143 711 quidem
1174 660 1259 701 sen-

130 716 254 754 tentia
288 715 396 758 forte
444 721 619 772 cuipiam
671 723 882 765 absurdior
928 732 1011 768 esse
1063 731 1259 773 videatur.

129 782 267 824 Nobis
297 798 422 835 VC1·‚0
453 788 552 830 sacri
580 789 752 833 Codicis
778 797 1013 839 testimonio
1043 800 1160 854 fidem
1188 802 1261 842 ha'·

130 853 344 906 bentibus,
374 859 707 910 persuafisfimum
745 877 834 915 est,
878 867 1015 909 Deum
1049 870 1147 911 olim
1176 885 1259 912 non

126 922 311 978 Judaeos
330 938 510 979 tantum,
544 930 611 971 sed
633 944 793 974 exteros
821 939 940 977 etiam
959 941 1152 992 populos
1169 956 1257 983 om-

111 1006 260 1048 neque
289 1010 417 1051 genus
444 999 663 1042 humanum
691 1002 846 1058 saepius
879 1011 1138 1062 gravissimis
1160 1012 1258 1053 affe-

129 1065 232 1105 cisse
263 1067 560 1111 calamitatibus
584 1085 630 1112 ac
658 1073 906 1117 destruxisse
940 1080 1068 1130 adeo,
1115 1093 1160 1122 ut
1183 1084 1257 1123 im-

106 1137 291 1188 pietatis
321 1151 473 1191 poenas
503 1142 740 1194 penderent.
803 1145 917 1200 Quid
959 1151 1082 1204 igitur
1127 1154 1258 1205 impe-

105 1207 216 1255 dit,
263 1221 346 1260 quo
374 1211 505 1250 minus
536 1212 774 1263 credamus,
822 1210 997 1259 diGinam
1038 1225 1269 1273 providen-⁴

104 1279 225 1318 'tia‘m
259 1281 382 1319 omni
424 1281 543 1321 etiam
589 1294 774 1339 tempore
802 1287 841 1326 in
885 1301 1127 1344 quacunque
1158 1298 1256 1348 ge'n-

128 1360 168 1388 te
197 1362 321 1414 regum
327 1350 373 1390 da
405 1351 520 1391 simili
552 1354 723 1404 quadam
754 1359 977 1408 procedere
994 1363 1083 1403 via?
1115 1362 1169 1416 Q
1175 1378 1258 1405 ian-

127 1432 247 1473 quam
279 1421 320 1461 id
345 1433 427 1461 non
453 1423 507 1462 ita
537 1423 690 1465 dictum
720 1426 841 1477 volo,
874 1441 929 1468 ac
938 1430 964 1471 fi
983 1443 1075 1472 cum
1106 1434 1154 1472 iis
1182 1434 1258 1474 ho-

128 1491 305 1531 minibus
333 1490 538 1541 facerem,
571 1496 641 1547 qui
672 1497 710 1536 in
736 1496 848 1538 uuna
876 1510 958 1539 non
1001 1501 1256 1553 calamitate,

103 1565 195 1601 1a'ut
235 1561 422 1603 universo
452 1563 609 1604 'cuidam
636 1567 819 1619 populo,
864 1581 932 1610 aut
973 1571 1151 1626 singulis
1183 1573 1265 1615 iio-¹

121 1632 333 1679 minibus,
394 1631 535 1681 illata,
593 1636 695 1676 nihil
769 1639 840 1679 nisi
899 1643 1151 1692 punientem
1207 1658 1255 1687 ac

127 1700 417 1743 visuli'caxztem
444 1701 582 1744 Deum
614 1706 684 1745 fibi
713 1707 850 1747 videre
880 1710 1102 1753 videantur.
1142 1714 1259 1757 Con-

128 1783 186 1811 tra
214 1785 312 1812 vero
337 1773 516 1826 ejusdem
546 1774 656 1815 illius
684 1775 782 1817 sacri
811 1776 984 1822 Codicis
1012 1784 1256 1826 testimoniis

123 1841 438 1892 nixi,·Deum;
486 1844 818 1898 sapientisfimum
862 1852 1146 1907 optimumque
1184 1869 1256 1911 ge-

126 1913 233 1952 neris
273 1913 437 1955 humani
480 1925 665 1969 patrem,
709 1917 896 1959 homines
939 1922 1053 1963 maiis
1098 1938 1190 1967 aeri
1196 1940 1256 1968 m

126 1983 270 2034 nisque
299 1985 499 2038 imprimis
529 1987 650 2028 etiam
684 1987 778 2029 ideo
818 1989 976 2030 afficere
1027 1994 1257 2046 credimus,

127 2051 277 2105 quibus
315 2055 544 2096 aberrantes
579 2058 619 2097 in
660 2058 765 2099 viam
804 2060 997 2109 reducat,
1043 2063 1176 2105 bonos
1212 2067 1253 2106 in

95 2117 98 2119 ’
127 2122 206 2164 fide
225 2137 273 2165 ac
303 2126 452 2177 pietate
483 2127 726 2178 confirmet,
760 2141 901 2170 omnes
926 2143 1061 2174 autem
1097 2136 1145 2175 ad
1185 2148 1254 2176 ve-

71 2200 98 2219 >
126 2205 168 2233 ra
221 2194 473 2249 coelestique
533 2198 724 2239 beatitate
780 2201 1066 2254 perfruendum
1117 2206 1256 2248 reddat

656 2267 693 2310 E
1187 2288 1257 2330 ap-
