1513 2734
644 141 900 198 (284)

378 275 478 335 casu
485 279 753 333 probationis
767 278 1038 330 contrariae,
1053 290 1184 337 atque

376 347 427 389 cle
453 348 618 403 origine
655 349 867 405 divisionis
895 347 1180 405 praesumtio-

373 428 476 456 num
505 417 610 471 tegis
638 419 683 460 in
703 418 1041 476 praesumtiones
1060 420 1182 476 juris

374 495 546 530 tantum
567 498 608 530 et
621 489 742 544 juris
769 501 812 532 et
840 491 888 532 de
908 492 1040 546 jure,
1072 502 1182 546 quae

373 566 583 598 vocantur
586 588 1029 601 .......
1087 559 1198 614 Pag.

373 623 504 682 Legis
511 626 776 683 praesumtio
792 631 837 672 in
855 643 1012 686 genere
1027 629 1183 673 admit-

375 698 433 739 tit
453 701 669 742 contrarii
682 701 979 755 probationem
994 729 1039 739 -
1051 713 1183 756 quae·

373 780 475 808 nam
483 766 821 824 praesumtiones
843 770 1183 826 hancprobatio-

373 849 468 878 nem
495 851 577 879 non
604 840 842 882 admittant
883 869 930 880 -
965 841 1015 882 de
1048 848 1183 895 prae-

366 903 650 960 sumtionibus
671 898 792 963 Juris
814 920 986 952 tantum
1009 919 1051 950 et
1064 909 1185 964 juris

374 986 418 1017 et
443 976 493 1017 de
511 978 629 1032 jure.
1157 1016 1161 1019 -

207 1044 232 1097 5
262 1042 335 1085 III.
365 1044 436 1086 De
450 1047 644 1090 virorum
660 1048 926 1090 eruditorum
931 1044 1184 1102 sententiis,

374 1116 497 1158 circa
536 1119 722 1160 criteria
757 1117 1030 1173 differentiae
1069 1118 1186 1158 inter

370 1183 707 1241 praesumtiones
725 1188 847 1242 juris
866 1197 1043 1233 tantum,
1055 1197 1097 1228 et
1111 1187 1184 1241 ju-

376 1257 442 1298 ris
468 1267 510 1298 et
538 1257 588 1298 de
607 1258 728 1312 jure.
800 1288 811 1299 .
884 1287 1185 1299 .....

376 1325 448 1368 De
453 1324 682 1382 sententiis
694 1329 889 1371 virorum
905 1329 1120 1371 doctorum
1135 1327 1186 1368 de

377 1395 446 1438 lzis
461 1399 656 1441 criteriis
678 1427 725 1439 -
746 1400 815 1442 ΑΙ
832 1401 978 1442 ciati
1005 1424 1051 1433 —
1077 1397 1185 1439 Me-

377 1468 560 1508 nochii
585 1494 617 1503 -
642 1469 914 1511 Pothierii
935 1469 1185 1509 -aliorum.

209 1535 234 1587 §
264 1534 336 1576 IV.
366 1534 436 1577 De
451 1536 650 1579 doctrina
665 1551 806 1579 eorum
820 1568 833 1587 ,
858 1539 932 1592 qui
947 1535 1187 1589 divisionem

1230 557 1324 600 160.

1233 1254 1326 1311 163.

369 1603 736 1660 praesumtionum
763 1608 869 1660 legis
897 1607 942 1647 in
961 1603 1186 1660 praesum-
1218 1638 1226 1643 .

377 1675 508 1716 tiones
541 1675 662 1729 juris
702 1686 872 1717 tantum
913 1685 954 1717 et
983 1675 1103 1729 juris
1145 1683 1188 1716 et

377 1745 426 1786 de
448 1745 554 1799 jure
580 1746 802 1799 rejiciunt.
878 1775 888 1785 .
956 1775 967 1785 .
1030 1775 1039 1785 .
1101 1774 1112 1784 .
1174 1774 1183 1784 .

377 1815 448 1857 De
501 1812 740 1870 sententiis·
778 1814 868 1856 Cel.
921 1814 960 1855 d’
975 1814 1014 1856 A
1027 1827 1055 1869 g
1069 1828 1095 1856 u
1110 1826 1132 1854 e
1149 1827 1185 1855 s-

378 1884 507 1926 seau
534 1914 578 1922 -
600 1879 1188 1943 Hje-nriciCocceji..

378 1955 714 1997 Schneidtii
746 1984 792 1994 -
835 1954 952 2012 Confi
985 1956 1186 1997 Feuer-

354 2024 496 2066 <lein
526 2054 571 2063 -
600 2025 650 2066 de
683 2025 882 2068 doctrina*
909 2039 1080 2077 eorum,
1112 2026 1188 2081 qui

375 2096 582 2138 vocabula
606 2097 946 2150 praesumtionum
971 2096 1071 2150 juris
1101 2106 1186 2135 tan-

376 2176 462 2218 tum
491 2176 534 2208 et
557 2167 660 2222 J‘uris
686 2178 728 2208 et
753 2167 802 2210 de
821 2167 911 2223 jure
938 2166 1159 2223 rejiciunt.

1234 1742 1327 1786 168.

1215 2233 1326 2289 ςν.
