1513 2734
576 158 619 217 ‘C
681 163 728 217 '13
788 154 813 213 )
869 164 871 166 ·

151 297 241 340 dem
271 280 506 339 temeritatis
535 297 626 339 labe
654 286 883 340 nonnullos*
901 296 1021 338 etiam
1063 287 1280 351 aliquando

151 383 192 422 in
221 383 295 422 ha‘c
326 380 409 434 ipsa
439 382 565 434 patria
597 382 771 422 infectos
800 380 920 422 fuisse
949 380 1162 431 doctores,
1204 394 1282 434 pro

153 464 225 505 suo
254 462 428 504 fatentur
456 461 630 504 candore
665 463 828 518 Belgae.
889 462 968 504 Sed
998 464 1050 502 ita
1078 462 1281 513 fatentur,

148 558 194 588 ut
219 559 337 600 quam
365 545 595 601 longissime
639 557 840 587 remotum
882 545 966 586 esse
1010 558 1194 600 pugnent
1232 559 1280 586 ac

149 629 396 671 contendant
438 629 518 669 hoc
571 630 824 684 arrogantiae
864 629 1037 677 vitium,
1079 641 1102 668 a
1148 628 1281 668 nativa

149 712 239 752 suae
267 713 398 766 gentis
430 711 596 760 indole;
629 725 747 764 quam
776 710 1006 764 praesertim
1036 721 1199 766 gentem
1218 712 1281 750 ni-

146 795 270 834 mium
288 793 359 833 fibi
375 791 550 834 diffidere
570 792 693 845 ipsam
708 823 720 841 ‚
753 793 913 846 seseque
930 794 1106 847 abjicere
1122 823 1134 841 ‚
1166 805 1280 833 exte-

145 878 178 917 ri
196 877 381 917 homines
409 876 682 916 criminentur.
726 874 822 916 Hoc
853 887 962 916 certe
980 874 1171 916 affirmare
1187 874 1279 915 nul-

142 954 206 1000 'lus
222 959 365 999 dubito
382 986 394 1005 ,
420 957 825 999 celebratisfimorum
844 970 1101 1011 quorumque
1118 970 1278 998 nostrae

145 1044 295 1095 patriae
326 1040 636 1095 Theologorum
664 1041 691 1080 fi·
726 1042 817 1094 quis
846 1053 996 1093 aequus
1032 1040 1183 1080 arbiter
1209 1051 1277 1081 aut

146 1122 292 1176 scripta
321 1123 492 1176 legerit,
538 1114 605 1162 aut
637 1122 796 1162 scholas
837 1122 1008 1171 adierit,
1054 1124 1276 1175 ancipitem

147 1217 239 1246 eum
255 1205 338 1245 esse
368 1204 599 1252 haesurum,
631 1205 673 1243 in
702 1203 810 1244 Viris
840 1203 1116 1246 laudatissimis
1141 1216 1276 1245 utrum

143 1288 270 1342 magis
297 1287 418 1328 ducat
439 1285 741 1334 admirandum,
770 1287 1121 1336 eruditionemne‚
1163 1300 1277 1340 prae-

108 1359 113 1363 *
144 1370 291 1412 claram
337 1369 457 1410 illam
507 1383 554 1410 ac
606 1369 890 1419 reconditam3
945 1382 995 1410 an
1039 1371 1278 1411 modestiam

142 1452 304 1507 prorsus
330 1447 564 1506 fingularem
581 1481 594 1501 ,
619 1463 750 1492 caute
779 1452 912 1493 ubivis
939 1465 979 1493 et
1006 1453 1278 1507 circumspec-

143 1547 182 1576 te
211 1535 499 1589 procedentem
517 1565 530 1584 ‚
571 1534 801 1575 dubitanter
829 1534 914 1575 fere
959 1535 1009 1576 de
1048 1522 1143 1585 iis,¹
1173 1548 1277 1589 quae

141 1630 223 1659 non
266 1620 340 1660 fint
380 1618 624 1667 certisfima‚
681 1619 1039 1671 pronuntiantem,
1086 1619 1275 1672 suamque

141 1714 308 1752 eorum,
354 1707 457 1755 quae
492 1701 650 1742 divinus
690 1699 796 1741 nolit
852 1700 1000 1741 docere
1045 1701 1274 1757 Magister,

142 1785 311 1826 candide
344 1784 606 1837 profitentem
632 1784 924 1839 ignorantiam!
969 1807 1015 1815 —
1045 1782 1159 1838 Quid
1184 1784 1277 1838 plu-

140 1868 218 1909 ra?
261 1878 328 1909 aut
352 1879 546 1920 nusquam
574 1867 753 1920 gentium
783 1864 1016 1923 Theologia
1045 1866 1273 1908 consedisse

143 1950 340 1991 censenda
361 1961 448 1999 est,
479 1960 546 1991 aut
577 1948 658 1990 hoc
688 1950 728 1989 in
751 1949 911 2002 populo
929 1979 941 1998 ,
989 1951 1104 2004 cujus
1131 1952 1275 1992 menti-

145 2032 220 2072 bus
259 2027 395 2086 atque'
420 2033 560 2073 animis
601 2044 692 2072 eum
719 2031 814 2084 ipsa
858 2031 1000 2073 indidit
1023 2043 1160 2073 natura
1181 2032 1275 2073 reli-

144 2116 279 2169 gionis
308 2127 511 2163 amorem,
555 2114 705 2155 laboris
744 2115 1007 2167 patientiam,
1053 2114 1274 2157 modeatiae

145 2196 326 2248 sensum,
369 2209 414 2239 ut
452 2197 502 2238 ad
535 2193 597 2238 re's
639 2197 945 2252 cognoscendas
990 2197 1143 2240 divinas
1187 2209 1272 2238 non

1188 2280 1273 2322 fac,
