1513 2734
567 91 820 151 (121)

123 250 239 286 mus,
272 237 374 278 hanc
402 248 545 289 aquam
574 246 670 289 prae
697 234 786 275 aliis
815 232 982 287 potibus
1016 234 1253 285 compofitis

122 320 206 347 non
233 308 437 347 immerito
465 319 678 359 petamus,
711 307 805 359 quia
827 306 931 345 inter
962 302 1083 351 illos,
1116 304 1187 356 qui
1211 305 1256 345 fi-

123 378 197 418 tim
225 377 510 432 exstinguunt,
543 376 650 417 haud
681 389 782 418 unus
811 377 1012 429 reperitur
1047 385 1173 427 aquae
1216 373 1264 414 fi-

122 446 247 501 milis.
716 492 718 496 v

181 515 310 570 Quod
354 528 488 557 autem
531 516 622 557 illas
660 526 933 570 postponeret
960 515 1073 568 aquis
1101 513 1263 566 pluviae

51 622 56 626 .
86 595 163 626 ‘et
203 586 412 636 fluminum
454 587 573 640 hujus
612 587 723 627 urbis
754 598 844 636 est,
891 586 1003 639 quod
1034 584 1263 638 sulphatem

122 656 276 705 calcis,
323 656 688 708 hydrochloratem
720 657 841 711 hujus
868 657 994 704 bafis,
1041 667 1083 696 et
1110 654 1263 707 hydro-.

120 725 347 767 chloratem
378 727 600 780 magnefiae
643 728 858 766 continent
899 726 1151 773 nonnullae,
1190 724 1268 772 ‚sed

121 798 216 849 quia
247 796 345 836 haec
373 808 456 835 non
483 795 625 849 pejora
648 797 768 844 sunt,
801 809 920 850 quam
945 795 1182 836 substantiae
1201 807 1266 834 01·-

121 868 319 920 ganicae,
353 877 533 906 ceterum
565 867 604 905 in
637 866 719 908 illis
737 878 978 914 contentae,
1009 878 1129 919 atque
1146 865 1270 917 copia

119 948 202 975 non
233 936 463 990 excedunt,
496 936 566 976 has
595 937 711 977 valde
742 937 1008 991 praeferimus
1040 936 1141 976 illis.

179 1005 349 1059 Optima
378 1007 532 1060 igitur,
565 1018 609 1048 ut
640 1008 738 1048 serie
769 1007 860 1048 illas
890 1019 1171 1060 proponamus
1205 1015 1265 1044 cst

69 1118 72 1119 γ
119 1090 223 1130 aqua
265 1089 315 1116 ex
357 1077 472 1117 fonte
531 1079 571 1118 in
615 1077 749 1131 platea
789 1076 1130 1134 Kalyerstram,
1177 1076 1270 1128 quia

121 1148 304 1188 omnium
335 1149 551 1189 maximam
581 1161 805 1202 corporum
839 1147 1066 1188 solutorum
1085 1146 1271 1187 continet

120 1212 386 1270 quantitatem
405 1248 418 1266 ,
451 1218 541 1257 dein
559 1231 608 1259 ex
625 1220 741 1259 fonte
759 1218 822 1259 St.
840 1217 1021 1259 Mariae
1039 1249 1052 1267 ,
1080 1229 1206 1270 porro
1221 1228 1271 1256 ex

78 1334 80 1337 ¹
120 1286 235 1327 fonte
266 1286 423 1339 plateae
456 1282 611 1329 ackter
641 1287 713 1329 het
731 1287 1030 1336 Vleeschlzuis,
1062 1286 1134 1327 lzet
1151 1283 1269 1340 Hos,

119 1355 193 1397 het
239 1355 588 1412 Geertelcerlelzof
607 1356 717 1412 (1),
764 1357 919 1399 aclzter
960 1357 1010 1397 de
1055 1356 1159 1398 Wal
1184 1365 1271 1396 tus-

111 1423 244 1481 schen
270 1427 319 1466 de
349 1425 655 1481 Tolsteegpoort
684 1442 735 1469 en
761 1426 835 1468 het
873 1425 1078 1468 Hermis-
1096 1427 1271 1468 Water-
1330 1434 1335 1438 '

111 1497 283 1551 poortje
301 1527 314 1545 ,
347 1496 486 1553 Wsjde
502 1497 567 1538 W
559 1497 794 1553 atersteeg,
818 1496 1078 1553 Βνεέβνααῑ
1095 1527 1107 1546 ,
1142 1496 1271 1537 Vrec?-

118 1566 252 1621 burg,
286 1567 446 1607 tandem
485 1566 796 1623 Bagzjnenhof.
870 1566 971 1608 Non
1008 1577 1141 1606 autem
1170 1566 1271 1607 haec

120 1637 311 1677 audacter
341 1637 532 1677 affirmare
563 1637 759 1684 audeam,
794 1638 890 1690 quia
921 1636 1091 1676 effectus
1118 1637 1269 1677 noxius

119 1706 271 1748 nullius
325 1719 452 1759 aquae
494 1705 571 1747 fuit
613 1706 934 1754 demonstratus,
987 1706 1196 1759 adeoque,
1244 1708 1269 1748 fi

121 1777 306 1831 saporem
335 1779 520 1831 spectes,
568 1776 679 1817 illam
707 1776 770 1817 St.
800 1776 984 1819 Mariae
1015 1788 1055 1817 et
1085 1779 1269 1818 omnium

119 1847 316 1889 consensu
358 1859 608 1901 praeponam
655 1846 844 1896 omnibus
885 1846 989 1888 aliis.
1034 1846 1180 1901 ,Quod
1212 1860 1270 1888 ta·
1307 1849 1314 1854 ⁴

123 1930 215 1959 men
242 1917 410 1958 fortasse
439 1917 532 1959 inde
562 1916 791 1959 ducendum
809 1946 822 1967 ,
856 1918 968 1971 quod
994 1919 1170 1972 reliquas
1186 1930 1269 1958 non

1171 2001 1264 2042 gus-

165 2078 228 2124 (Ι)
256 2080 430 2122 Si¹major‚
456 2091 551 2123 quam
583 2081 735 2113 continet
760 2080 842 2113 haec
864 2090 964 2122 aqua,
989 2081 1144 2123 sulphatis
1169 2081 1268 2114 calcis

121 2137 281 2178 quantitas
305 2136 450 2170 nondum
475 2145 600 2177 nocet,
625 2137 773 2172 secundo
797 2139 877 2171 loco
901 2137 1093 2182 nominanda
1122 2137 1219 2172 esset.
