1513 2734
714 161 906 217 (θ’)

255 300 493 344 humanitate
522 313 569 341 ac
596 299 788 341 facilitate
814 297 1048 353 praesidium
1073 294 1369 352 auxiliumque,

209 436 213 441 ᾖ
251 386 368 425 etiam
396 397 513 437 atque
544 384 658 424 etiam
687 393 789 435 rogo
818 391 858 420 et
889 379 1076 421 obsecro.
1150 379 1211 421 Te
1241 394 1340 423 vero
1355 413 1377 445 ,Ἰ

253 465 367 508 Deus
402 467 552 519 optime
592 464 787 504 maxime!
837 463 951 517 cujus
983 463 1100 503 unius
1127 465 1289 504 numine
1322 477 1370 505 ac

249 548 565 602 gubernatione,
610 547 688 586 hoc
723 544 919 598 quicquid
945 555 1006 584 est
1041 545 1206 587 honoris
1236 547 1276 587 in
1306 559 1370 587 me

250 629 421 673 delatum
451 641 509 669 est
544 628 882 680 necopinantem,
928 626 1102 681 supplex
1129 627 1191 668 Te
1220 641 1372 681 precor

246 711 287 751 et
315 691 507 759 veneror,
538 710 595 749 uti
622 719 661 749 et
691 709 849 750 dicendi
875 709 999 751 hacce
1029 710 1156 759 hor-3,
1195 722 1235 750 et
1260 710 1372 752 dein·

248 798 371 845 ceps,
417 793 470 832 ita
508 803 569 832 me
612 791 713 831 velis
753 791 968 846 adjuvare,
1009 805 1119 833 meae
1149 805 1193 834 ut
1223 806 1370 846 operae

249 873 568 916 Christianorum
591 885 791 927 nunquam
818 876 1025 928 poeniteat
1052 874 1312 918 societatem!

303 1121 561 1179 Theologico
594 1123 723 1165 studio
753 1123 940 1180 Belgium
967 1124 1097 1166 sedem
1123 1138 1170 1166 ac
1200 1124 1370 1167 domici-

248 1204 344 1246 lium
397 1207 674 1256 vindicatum,
721 1207 823 1248 hanc
857 1207 963 1248 mihi
1007 1209 1161 1248 veniam
1199 1207 1369 1258 dabitis,

247 1289 332 1336 uti,
378 1301 468 1329 cum
518 1289 878 1346 protestantium,
922 1291 1164 1344 quibuscum
1202 1291 1372 1333 arctissi-

247 1382 353 1410 mum
394 1372 490 1412 mihi
534 1374 836 1427 conjunctionis
875 1362 1095 1414 intercedat
1134 1373 1370 1422 vinculum3

248 1454 416 1493 maxime
446 1456 636 1496 rationem
689 1456 884 1506 habeam;
932 1467 1014 1497 tum
1055 1469 1180 1505 vero,
1224 1456 1371 1510 quibua

252 1536 450 1587 quondam
490 1540 614 1590 patria
653 1541 959 1588 contineretur,
1001 1539 1141 1580 iisdem
1169 1538 1252 1580 fere
1284 1538 1372 1579 fini-

250 1616 324 1657 bus
365 1618 514 1660 hancce
560 1621 801 1662 concludam
842 1622 1167 1676 disputationem.
1234 1620 1372 1675 Atque

249 1699 304 1738 ita
345 1700 533 1752 definita,
565 1692 665 1756 quae
704 1705 857 1759 agenda
892 1716 980 1753 est,
1013 1703 1157 1754 caus‘213
1181 1700 1372 1758 primum

249 1783 425 1823 universe
455 1784 502 1824 de
530 1785 685 1827 Batavis
712 1800 839 1840 pauca
865 1788 1045 1829 dicemus
1062 1817 1074 1838 ‚
1107 1787 1255 1841 ingenii
1273 1799 1371 1827 con-

249 1863 488 1906 formatione
531 1869 697 1920 quadam
726 1882 846 1924 atque
877 1870 1042 1919 habitu,
1088 1870 1137 1911 ad
1167 1871 1268 1911 hanc
1299 1882 1370 1910 co-

246 1944 401 1987 lendam
430 1949 681 2004 disciplinam
707 1955 851 1994 eximie
883 1954 1148 2007 compofiti33
1191 1951 1368 2002 deinde,

248 2027 297 2068 ad
335 2041 508 2071 nostram
550 2036 762 2084 revocata,
812 2050 890 2089 qua
942 2037 1140 2085 vivimus,
1197 2045 1368 2076 aetatem

249 2113 455 2161 oratione,
499 2128 614 2167 quam
643 2117 748 2159 bonci
789 2131 893 2160 nunc
937 2120 1186 2172 potissimum
1226 2117 1367 2160 condi-

247 2193 355 2234 tione
383 2194 510 2236 sacrae
545 2199 615 2239 ssnt
644 2201 683 2239 in
708 2203 836 2254 patria
861 2201 1000 2244 literae
1017 2232 1030 2254 ‚
1069 2201 1308 2243 videbimus.

1205 2282 1364 2338 Quem-
