1513 2734
178 594 317 638 Quando

153 641 241 672 aetio
265 639 331 672 dici

740 122 991 175 (200)

368 256 569 296 actionem
611 268 694 296 non
735 257 979 306 admittunt,
1023 269 1062 296 v.
1101 268 1163 310 gr.
1194 257 1357 310 quando

366 325 547 365 debitum
573 325 811 367 exstinctum
842 336 930 375 est,
973 327 1014 365 in
1042 337 1187 379 genere
1219 339 1359 367 omnes

366 407 431 434 eas
448 425 461 443 ,
493 408 659 448 quarum
687 398 728 436 in
754 395 940 449 praeced.
967 395 991 447 §
1013 408 1035 433 a
1060 395 1180 434 nobis
1203 397 1358 436 mentio

365 464 452 504 fieri
492 478 573 506 non
613 467 764 518 potuit.
838 463 951 506 Haec
991 465 1127 506 omnia
1161 465 1360 519 exemplis

365 535 496 575 rursus
522 534 721 576 illustrare
756 547 935 588 oportet.

423 604 626 658 Expressa
666 605 879 659 denegatio
918 607 1090 646 actionis
1121 606 1262 647 locum
1292 605 1362 646 ha-

153 684 252 728 posfit
280 685 355 726 iege
368 675 464 723 bet,
510 676 670 729 quando
701 676 883 716 statuitur
912 673 1020 728 (1),
1046 676 1180 730 legem
1208 675 1361 716 nullam

155 727 322 772 denegari.

174 892 301 924 Exem-

151 938 239 979 plum
255 938 329 972 Art.

155 992 168 1018 1
176 984 236 1024 965
254 983 329 1018 cod·

150 1025 239 1074 Nap.

348 746 460 785 =dare
490 747 692 786 actionem
720 747 875 786 ratione
902 747 1058 795 debiti,
1105 745 1217 799 quod
1244 744 1361 786 ludo-

364 829 450 858 rum
483 815 598 869 causa
625 826 876 857 contractum
906 828 996 866 est,
1027 817 1212 870 exceptis
1237 816 1362 857 causis

364 888 597 927 memoratis
624 883 719 938 (2).
782 885 866 927 Etsi
897 882 1034 942 igitur
1057 885 1235 927 naturale
1271 886 1363 939 qui-

364 949 455 998 dem
483 957 664 998 debitum
698 959 764 1006 fit,
796 957 909 1011 quod
935 956 1124 997 ludorum
1152 956 1266 998 causa
1289 968 1360 1010 pe-
1423 957 1427 962 “

363 1029 489 1077 titur,
536 1041 629 1070 cuni
671 1039 802 1068 tamen
842 1027 958 1068 multi
980 1040 1034 1070 ex
1052 1027 1135 1070 'hac
1163 1027 1362 1080 petitione

363 1099 558 1140 exstarent
597 1098 773 1147 abusus,
813 1099 923 1151 iique
953 1096 1090 1138 multis
1120 1096 1262 1137 litibus
1290 1108 1360 1136 an·

363 1167 443 1208 sam
483 1168 748 1221 praeberent,
792 1179 833 1207 et
873 1169 1091 1220 praecipue
1134 1179 1227 1207 cum
1255 1178 1361 1219 quo·

362 1239 581 1280 dammodo
637 1238 718 1278 dici
769 1239 922 1291 posfit‚
967 1248 1050 1276 non
1093 1235 1180 1277 sanai
1223 1232 1381 1276 mente‘

360 1310 519 1364 egisse,
562 1309 633 1362 qui
671 1309 806 1348 victus
847 1306 953 1355 fuit,
999 1318 1092 1348 cum
1127 1318 1173 1346 ea
1201 1307 1246 1347 fit
1271 1304 1360 1358 ple-

361 1392 531 1432 rumque
560 1379 771 1419 hommum
799 1379 840 1417 in
867 1376 1046 1418 ludendo
1067 1376 1252 1417 conditio
1269 1405 1282 1425 ,
1314 1386 1361 1416 ut:

360 1450 484 1490 caeca
510 1449 702 1502 gravique
733 1447 903 1487 libidine
944 1447 1221 1499 abripiantur,
1266 1458 1361 1499 pru-

362 1519 587 1559 dentisfime
607 1517 739 1558 statuit
763 1515 999 1570 legislator,
1032 1516 1101 1557 hic
1132 1515 1268 1557 casum
1300 1526 1361 1555 es·

364 1588 404 1636 se
421 1620 433 1638 ‚
465 1588 535 1628 ubi
563 1600 585 1627 a
610 1587 778 1627 naturali
808 1585 1065 1639 legislatione
1091 1583 1362 1625 recedendum

363 1658 423 1698 fit.
484 1657 621 1710 Atque
639 1657 743 1697 idem
760 1656 845 1696 fere
862 1667 1002 1696 omnes
1029 1655 1256 1707 docuerunt
1285 1667 1363 1708 po-

364 1725 800 1779 fitivaedegjslationes
818 1722 912 1778 (3).
958 1724 1263 1766 Observandum
1293 1737 1362 1768 ve2

363 1809 410 1836 ro
427 1826 440 1845 ‚
473 1795 677 1838 Romanas
703 1800 744 1837 'et
771 1796 1019 1849 antiquiores
1045 1795 1226 1837 Gallicas
1248 1794 1363 1850 leges

1257 1865 1362 1907 mul·

409 1935 473 1980 (ι)
497 1935 571 1970 Vid.
595 1937 669 1970 Art.
701 1936 784 1979 1965
808 1935 881 1969 Cod.
909 1934 997 1979 Nap-

411 1994 475 2042 (ε)
500 1993 575 2029 Vid.
600 1996 673 2031 Art.
700 1994 784 2037 1966
807 1992 872 2027 eod.

410 2051 473 2099 (3)
497 2052 572 2087 Vid.
602 2053 633 2085 H
650 2062 666 2085 e
683 2062 703 2084 n
718 2061 734 2084 r
750 2051 760 2083 i
776 2059 795 2082 c
811 2051 821 2082 i
859 2049 887 2082 C
905 2058 925 2080 o
941 2057 960 2079 c
974 2046 995 2079 k
1024 2045 1219 2088 Dammana
1235 2070 1245 2086 ‚
1283 2057 1365 2090 quae

358 2113 540 2156 praenn'um
580 2110 760 2154 reportavit
787 2118 810 2142 a
837 2106 961 2142 facult.
985 2103 1099 2142 Jmia'.
1124 2106 1160 2141 iu
1187 2103 1248 2138 ha‘c
1275 2103 1365 2141 Aca·

365 2165 489 2206 dem-lei,
513 2167 556 2199 A.
586 2168 682 2201 1820.
