1513 2734
555 151 583 209 (
640 162 692 208 7¹
754 140 788 202 3

614 287 738 345 §.w

328 408 1025 467 PHILOSOPHIA.

443 572 618 605 RELIGIO
647 566 909 602 CHRISTIANA
921 583 936 603 ι,

234 689 596 729 PHILOSOPHORUM
621 687 760 719 sec'rls
791 676 1143 716 PRAESTANTIOR.

419 809 964 830 «um-

126 883 326 981 Magna
355 920 555 975 imprimis
590 914 864 972 philosophos
900 913 1006 952 inter
1045 918 1087 948 et
1119 903 1281 950 Chriss

131 1000 264 1040 tianos
303 993 544 1036 cernebatur
587 989 813 1029 animorum
847 981 1074 1026 contentio.
1136 971 1267 1031 Quod

133 1068 241 1109 enim
274 1063 547 1105 Ethnicorum
581 1058 793 1100 hominum
823 1055 863 1094 in
891 1050 1148 1094 Christianos
1192 1044 1270 1084 ob·

136 1136 290 1180 tinebat
334 1133 499 1188 vulgare
529 1131 697 1176 odium,
742 1122 912 1166 mirifice
941 1123 980 1161 in
1012 1114 1274 1172 philosophis

138 1207 360 1251 acuebatur
388 1213 526 1243 mutua
555 1198 773 1239 studiorum
791 1191 1077 1235 aemulatione.
1127 1185 1273 1227 Chris·

142 1280 239 1321 tiani
257 1278 363 1317 enim
395 1273 503 1314 suam
520 1269 762 1325 religionem
778 1294 791 1312 ‚
824 1264 980 1317 quippe
996 1260 1047 1301 ab
1067 1256 1158 1312 ipso
1174 1254 1274 1296 Deo

143 1348 373 1406 profectam
393 1375 405 1392 ‚
436 1355 556 1384 unam
591 1350 725 1380 veram
769 1334 992 1379 habentes,
1037 1340 1141 1383 quae
1174 1326 1273 1366 huic

146 1418 349 1462 contraria
377 1425 488 1454 erant
516 1407 859 1465 philosophorum
891 1401 1069 1456 placita,
1113 1411 1158 1439 ea
1202 1394 1280 1437 fal·

147 1490 272 1535 sitatis
299 1499 379 1527 non
405 1495 572 1538 arguere
594 1491 677 1520 non
703 1484 905 1529 poterant.
967 1470 1121 1523 Neque
1144 1478 1281 1520 aequo

148 1562 287 1602 animo
311 1557 353 1598 id
381 1554 566 1596 ferebant
596 1546 852 1604 philosophi.
916 1541 1146 1595 Sapientiae
1175 1538 1286 1577 enim

152 1631 286 1686 gloria
312 1639 352 1667 et
382 1624 588 1670 munem,
620 1632 704 1673 quo
734 1614 1005 1670 fungebantur
1023 1643 1034 1658 ,
1069 1608 1286 1662 splendore

154 1714 202 1742 ac
231 1700 425 1754 gravitate
464 1692 585 1732 nimis
611 1687 871 1733 eminebant,
916 1694 1038 1737 quam
1076 1681 1146 1733 qui
1178 1691 1199 1717 a
1230 1678 1291 1716 vi-

156 1771 305 1813 lissima
348 1769 454 1812 ista,
514 1773 616 1816 quae
659 1757 902 1802 videbatur,
961 1747 1292 1794 Christianorum

159 1851 322 1883 caterva
348 1834 641 1877 lacesserentur
666 1828 799 1870 inulti.
862 1824 975 1865 Odio
1017 1824 1143 1877 igitur
1170 1829 1294 1872 atque

161 1911 314 1952 invidia
332 1907 524 1959 abrepti,
564 1897 758 1957 quantum
785 1906 1002 1951 poterant,
1048 1890 1297 1933 Christianis

164 1981 384 2023 nocebant.
459 1974 552 2017 Nec
601 1983 755 2014 tantum
793 1968 1098 2022 magistratuum
1136 1961 1298 2002 saeviti-

167 2064 232 2093 am
260 2048 476 2103 plebisque
502 2045 683 2086 furorem
724 2043 766 2081 in
807 2038 902 2080 illos
943 2020 1133 2077 excitare
1163 2031 1300 2073 omni-

171 2123 250 2163 bus
276 2117 559 2160 annitebantur
588 2113 769 2159 viribus,
802 2121 942 2150 verum
976 2107 1097 2146 etiam
1131 2102 1302 2158 religio-

174 2204 270 2235 nem
320 2188 595 2234 Christianam
648 2179 933 2227 calumniando
977 2188 1067 2218 atro
1124 2174 1307 2217 carbone

1234 2254 1311 2284 no-
