1513 2734
701 143 924 231 (752)

250 286 443 330 industria
486 283 618 324 denuo
649 279 914 326 demonstrat„
977 279 1077 339 Huc„
1111 280 1218 320 enim
1247 279 1383 318 omnis

248 359 334 413 ejus
365 354 492 396 tendit
533 351 663 402 oratio
681 380 693 399 ,
725 360 768 389 ut
795 348 974 403 probet,
996 361 999 363 ’
1019 348 1136 391 Deos
1165 361 1246 390 non
1274 347 1380 388 Cae-

246 428 402 476 sarum,
462 422 530 464 sed
578 418 769 462 Caesares
825 418 1010 460 Deorum
1049 420 1135 460 esse
1176 419 1380 461 dominos.

246 495 352 538 Suos
392 495 514 550 igitur
556 490 714 546 judices
753 488 928 538 edocet,
983 487 1170 530 Deorum
1211 489 1381 536 statuaS‚

245 567 288 606 in
316 565 466 620 ,quibus
495 562 569 605 Dii
595 559 822 615 praesentes
850 558 984 599 adesse
1027 558 1152 613 vulgo
1179 559 1383 598 existima-

247 625 423 686 bantur,
454 633 682 687 quibusque
721 642 796 670 ceu
827 628 922 671 Diis
954 619 1226 671 offerebantur
1265 627 1382 668 sacri-

243 703 362 754 ficia,
404 716 487 745 non
525 701 709 744 Deorum
739 712 861 749 cura,
905 700 973 741 sed
999 713 1070 753 per
1096 697 1278 739 Caesaris
1313 710 1382 738 ex-

244 773 413 823 cubias,
446 772 570 815 salvas
599 770 785 825 praestari
815 780 936 824 atque
962 771 1166 825 integras,
1211 766 1384 821 illasque

244 856 268 885 e
297 843 478 899 Caesaris
509 841 682 884 metallis
705 840 970 894 Caesarisque
997 851 1096 880 nutu
1126 837 1254 891 vulgo
1283 849 1382 878 con-

242 914 328 972 fici.⁸
376 911 498 968 Quin
526 913 645 954 etiam
675 909 827 952 multos
856 909 974 951 Deos
1003 909 1103 951 adeo
1142 906 1383 962 pependisse

242 996 278 1039 a·
295 982 478 1025 Caesaris
508 983 748 1025 auctoritate
774 993 869 1022 vere
900 980 1140 1028 contendit,
1187 991 1231 1020 ut
1274 979 1382 1019 hunc

241 1054 314 1096 fibi
356 1065 424 1095 aut
465 1052 693 1102 faventem,
738 1063 806 1093 aut
841 1052 985 1093 iratum
1026 1051 1270 1097 habuerint,
1311 1049 1384 1089 suo

241 1122 357 1165 cultu
386 1123 435 1164 ab
464 1123 709 1177 imperatore
747 1121 813 1163 vel
852 1120 1021 1176 publice
1064 1108 1273 1168 instituto,
1318 1116 1384 1158 vel

242 1194 456 1249 abrogato.
532 1192 579 1234 In
608 1206 659 1233 eo
696 1194 848 1248 igitur,
892 1191 1006 1246 quod
1041 1190 1264 1232 Christiani
1295 1188 1385 1229 ido-

241 1263 321 1314 lis,
354 1264 467 1306 hisce
494 1264 750 1317 imperatoris
794 1264 947 1313 servis,
991 1274 1069 1317 pro
1099 1260 1219 1315 ipsius
1261 1258 1384 1300 salute
1438 1298 1444 1303 s

241 1332 351 1374 sacra
390 1333 525 1375 facere
565 1334 820 1385 recusarent,
857 1345 997 1376 noster
1025 1332 1271 1373 reverentiae
1308 1341 1385 1382 po-

247 1404 357 1457 tius,
389 1402 550 1444 Caesari
582 1402 773 1453 habitae,
812 1416 933 1458 quam
959 1405 1082 1457 ipfius
1123 1400 1237 1451 odii,
1283 1399 1384 1441 indi-

243 1476 357 1521 cium
386 1473 511 1514 videt.

305 1541 385 1582 Illo
415 1542 538 1596 igitur
579 1541 778 1592 crimine,
835 1542 972 1597 quoad
1001 1541 1041 1583 id
1077 1542 1162 1582 fieri
1193 1537 1383 1595 poterat,

239 1613 317 1668 rite
343 1611 549 1658 refutato,
581 1612 706 1664 quid,
739 1613 918 1665 quaeso,
950 1612 1001 1653 ad
1025 1611 1282 1652 Christianos
1308 1611 1383 1653 hac

238 1684 281 1723 in
321 1681 457 1742 caussa
496 1684 607 1722 omni
634 1684 675 1723 in
713 1682 925 1724 Caesarem
961 1683 1043 1723 odii
1075 1682 1305 1735 suspicione
1334 1680 1384 1721 li·

238 1753 440 1793 berandos
493 1765 646 1806 eosque
701 1753 803 1794 adeo
855 1752 1087 1794 adversariis
1138 1762 1384 1806 magnopere

241 1821 616 1872 commendandos,
662 1822 744 1863 dici
773 1823 972 1876 potuisset
1000 1823 1230 1879 efficacius,
1263 1832 1382 1874 quam

242 1884 345 1947 quae
376 1904 515 1933 noster
544 1892 736 1946 deinceps
766 1894 806 1933 in
838 1893 1014 1934 medium
1042 1892 1232 1945 profert?
1279 1890 1381 1932 Gra-

242 1964 400 2004 visfima
424 1963 531 2002 enim
564 1963 775 2013 oratione,
807 1963 949 2004 validis
979 1959 1072 2004 nixa
1107 1963 1380 2017 argumentis,

247 2033 482 2075 adversariis
512 2032 750 2085 persuadet,
788 2023 1045 2075 Christianos
1090 2033 1172 2074 alio
1203 2032 1381 2086 quodam

240 2100 426 2142 sacrificii
457 2114 603 2154 genere
633 2105 866 2156 imperatori
897 2105 1045 2144 eximie
1089 2103 1173 2144 esse
1197 2104 1381 2157 ‘benevo-

239 2170 318 2213 los.
390 2199 419 2224 ,‚
449 2169 541 2212 Nos
561 2170 605 2223 ,⁹⁹
636 2173 793 2227 inquit,
838 2202 878 2231 „A
896 2186 975 2230 pro
1001 2172 1124 2216 salute
1162 2175 1379 2231 imperato-

1233 2271 1262 2295 „
1291 2253 1378 2282 rum

1482 2015 1494 2201 ..-Ἶ-τ-,ᾼᾼι
1484 1966 1488 2004 .-
1488 1951 1489 1954 Α

1477 2227 1505 2255 l:

1475 2277 1505 2339 ξε

1472 2346 1476 2407 j

1471 2432 1474 2467 l

1464 2565 1476 2734 -———*—„
