1513 2734
561 78 760 140 (7)

98 233 143 266 ut
179 221 228 264 de
266 220 509 263 Tertulliani
549 220 828 276 Apologetica
877 220 1031 275 Justuln
1088 218 1241 262 feratur

95 292 321 349 Judicium‚
367 293 480 333 omni
523 291 596 332 suo
623 291 780 332 ambitu
810 302 857 332 ea
884 291 1004 332 nobis
1031 290 1239 332 attenden-

97 365 148 405 da
188 373 277 412 est,
325 375 429 417 quae
468 362 533 404 illi
580 372 666 403 erat
707 361 874 416 propria
913 361 1084 416 eJ'usque
1119 362 1241 403 aetati

66 433 71 436 ’
97 435 388 476 conveniebat.

155 503 255 545 Non
287 505 394 544 enim
421 500 678 548 mirandum,
709 499 1031 557 Apologeticam
1060 514 1113 544 eo
1143 513 1244 544 tem·

97 586 201 628 pore
230 575 429 628 imprimis
457 582 702 626 occupatam
745 571 868 613 fuisse
909 573 951 613 in
992 571 1246 615 vindicandis

0 636 1 659 ³
100 644 371 694 Christiani33
418 644 548 684 minus
573 654 673 682 vero
700 641 741 681 in
778 641 950 684 dicenda
993 643 1116 696 ipfius
1149 642 1247 685 reli·

99 715 235 769 gionis
292 713 422 754 causa.
512 711 639 752 Omni
692 710 850 752 scilicet
905 723 1006 753 aevo
1060 715 1246 766 apprime

99 783 409 825 accommodata
437 781 515 823 fuit
545 781 596 822 ad
620 773 965 831 adversariorum,
997 782 1245 835 quibuscum

99 866 164 894 res
204 865 316 903 erat,
358 853 661 895 dubitationum
702 851 1091 905 cavillationumque
1126 853 1246 894 indo-

99 922 211 973 lem3
271 923 394 964 hasce
437 922 652 970 refellere,
709 923 822 962 istas‘
857 920 1014 962 solvere
1070 922 1246 964 necesfi-

100 1003 181 1034 tate
210 992 436 1047 cogebatur
463 991 715 1046 Apologeta.
788 991 848 1032 Ita
877 991 963 1045 ipse
986 999 1156 1046 quoque
1178 993 1247 1048 Je-

102 1062 168 1104 sus
197 1073 361 1103 eatenus
396 1060 483 1102 fere
520 1062 562 1101 se
603 1061 874 1112 defendebat,
913 1073 1111 1116 quatenus
1150 1076 1247 1106 eum

100 1131 450 1174 calumniabantur
496 1130 669 1184 judaei,
727 1131 918 1185 suamque
958 1135 1247 1178 auctoritatem

101 1201 276 1242 divinam
303 1212 352 1241 ea
376 1201 576 1253 imprimis
601 1212 718 1253 parte
743 1202 948 1244 vindicare
964 1204 1141 1255 solebat,
1168 1217 1249 1259 qua

98 1282 187 1312 eam
214 1272 256 1311 in
286 1270 456 1312 dubium
483 1270 689 1311 vocabant
725 1271 953 1314 adversarii.
1013 1272 1137 1317 Hunc
1174 1276 1249 1316 ita-

100 1353 181 1395 que
205 1352 362 1381 morem
390 1340 534 1394 sponte
553 1341 622 1382 sua
651 1342 945 1399 sequebantur,
966 1345 1038 1397 qui
1053 1344 1249 1400 deinceps

98 1411 345 1453 exfistebant
368 1410 419 1452 ad
456 1422 594 1452 nostra
615 1401 764 1464 'usque
807 1423 992 1465 tempora
1030 1413 1249 1470 Apologe·

101 1493 163 1525 tae
180 1511 193 1531 ‚
225 1482 349 1522 motis
378 1480 428 1521 ab
454 1480 688 1522 adversariis
715 1481 1043 1525 dubitationibus
1071 1483 1139 1525 sua
1169 1487 1245 1527 fin·

101 1551 189 1607 guli
217 1551 576 1592 accommodantes
608 1563 858 1605 argumenta.
916 1553 1005 1607 Jam
1048 1565 1148 1596 vero
1188 1568 1249 1597 at—

104 1621 272 1670 tendaS,
332 1619 545 1673 quomodo
612 1619 854 1661 Tertulliani
921 1633 1107 1676 tempore
1161 1637 1248 1668 rem

101 1691 378 1733 Christianam
425 1688 741 1744 aggrederentur
774 1691 999 1734 adversarii.
1060 1693 1151 1748 Ipsa
1183 1709 1250 1738 re—
1282 1744 1284 1748 ,

103 1760 239 1816 ligio,
272 1773 366 1801 cum
396 1759 534 1800 hostes
565 1759 651 1800 fere
678 1759 849 1812 lateret,
896 1765 947 1804 ab
975 1775 1118 1807 eorum
1156 1766 1249 1809 telis

102 1831 325 1885 plurimum
353 1841 437 1871 tuta
462 1841 561 1873 erat.
621 1830 679 1871 At
704 1834 887 1874 notiores
921 1835 1012 1876 sunt
1051 1835 1263 1879 Christian-2

104 1903 163 1942 ni.
222 1902 441 1942 Atrocium
494 1903 734 1955 quorumvis
790 1906 1006 1947 criminum
1049 1906 1250 1950 habentur

104 1973 180 2013 rei.
240 1970 400 2014 Horum
441 1971 577 2012 caussa
616 1975 935 2028 imperatorum,
993 1973 1249 2032 magistratu}

105 2055 207 2092 um,
238 2040 521 2092 sacerdotum,
551 2041 715 2096 plebis,
748 2047 928 2087 omnium
958 2049 1127 2089 omnino
1167 2049 1249 2090 sae·

110 2113 263 2164 vitiae,
306 2111 464 2164 furori,
500 2115 731 2169 proterviae
758 2127 1019 2171 exponuntur
1057 2117 1246 2161 imbecil-

1156 2187 1246 2239 les,
