1513 2734
693 135 890 192 (ὃ)

229 287 329 330 quae
368 275 610 318 sublimioris
650 285 732 315 erat
769 273 901 315 cultus
939 271 1151 319 effectrix,
1183 269 1355 312 eundem

230 361 401 401 tenuerit
429 359 586 401 cursum
604 387 617 409 ‚
648 357 785 398 εὲιάοιῃ
808 357 853 396 fit
881 356 944 396 vizi
975 353 1217 410 progressa?

282 524 437 580 Quodsi
483 523 591 578 ipsos
631 522 870 564 attendimus
912 522 1193 568 Christianos,
1237 532 1352 573 repe-

224 608 372 648 riemus
402 606 647 648 Societatem
694 618 835 646 eorum
879 617 962 645 non
1003 615 1151 645 tantum
1181 615 1252 656 per
1282 603 1351 642 has

223 689 441 730 identidem
480 701 620 743 gentes
649 699 910 743 propagatam
949 688 1060 735 esse,
1107 685 1173 726 sed
1201 685 1360 731 variar

224 783 321 811 rum
362 772 479 811 etiam
519 772 708 826 gentium
749 771 922 812 variam
951 769 1128 810 retulisse
1160 768 1351 809 indolem.

224 852 317 894 Alia
345 855 563 907 antiquitus
599 855 639 893 in
684 852 880 901 Oriente,
924 854 964 892 in
1008 850 1236 892 Occidente
1276 850 1361 896 alia*

226 936 535 976 dominabantur
564 936 713 984 studia,
759 947 798 975 ct
842 935 891 974 ab
928 934 1039 974 hisce
1067 918 1247 987 gentium
1276 932 1354 973 stu-

228 1018 305 1058 diis
343 1030 383 1057 et
411 1019 591 1057 moribus
621 1017 803 1073 colorem
832 1016 957 1056 veluti
987 1017 1101 1055 duxit
1142 1015 1354 1068 religionis

226 1086 356 1150 ratio,
401 1113 501 1154 quae
545 1100 651 1152 apud
705 1098 875 1153 lingulas
918 1098 1108 1138 obtinuit.
1183 1096 1354 1138 Phanta-

223 1184 300 1224 fiae
343 1184 404 1224 vis
447 1184 595 1224 summa
633 1184 672 1222 in
712 1180 1010 1222 Orientalibus
1042 1181 1246 1229 cernitur,
1277 1191 1351 1228 ut,

225 1277 326 1319 quae
361 1278 501 1320 magna
542 1266 628 1305 sunt
668 1276 707 1304 et
750 1264 963 1312 sublimia,
1007 1264 1353 1305 vehementisfime

225 1360 431 1402 appetant.
492 1347 609 1404 Quae
645 1346 855 1399 Babylone
893 1346 970 1388 fuit
1014 1346 1177 1388 condita
1206 1347 1352 1396 t‘urris3

228 1443 329 1485 quae
355 1432 395 1470 in
423 1431 616 1486 Aegypto
647 1431 899 1472 surrexerunt
937 1441 1068 1471 vastae
1093 1441 1134 1470 et
1171 1429 1355 1471 excelsae

227 1514 455 1567 pyramides
493 1525 533 1553 et
573 1513 712 1563 obeli:,
756 1514 867 1568 quod
895 1512 1191 1565 Hierosolymis
1231 1526 1252 1552 a
1285 1512 1354 1554 Sa-

213 1595 391 1654 lomone
430 1596 670 1638 exstructum
706 1596 783 1637 fuit
825 1596 1047 1649 templum,
1089 1596 1267 1650 Jehovae
1295 1596 1355 1637 di-

225 1690 357 1720 catum
375 1709 387 1728 ⁷
419 1681 501 1720 auri
530 1681 648 1732 copiti
676 1679 832 1721 illustre
863 1691 903 1720 et
928 1679 1170 1732 splendoreg
1203 1678 1355 1733 singula

223 1762 322 1802 haec
350 1761 526 1802 referunt
555 1762 672 1815 plane
697 1762 963 1803 Orientalium
988 1763 1207 1816 ingenium.
1254 1761 1353 1816 Quo

223 1843 334 1885 ducti
372 1844 600 1894 sublimium
635 1857 764 1886 rerum
790 1845 920 1886 studio
949 1845 1071 1887 fidem
1098 1857 1138 1885 et
1165 1845 1351 1886 observa-

223 1937 364 1966 verunt
391 1938 429 1966 et
460 1927 670 1968 coluerunt
697 1928 827 1978 adeog
867 1929 971 1969 unde
1000 1928 1252 1968 Sabaeismus
1281 1941 1351 1969 ex-

219 2008 340 2058 stitit,
382 2023 502 2063 quem
547 2011 589 2049 in
619 2010 826 2065 religionis
865 2011 1051 2051 institutis
1091 2010 1351 2052 Zoroastrica

222 2092 471 2133 conservavit
506 2093 828 2134 Zend-Avesta.
901 2093 1055 2147 Dispar
1091 2093 1167 2135 fuit
1211 2093 1348 2135 Grae-

215 2187 312 2215 coru
323 2187 362 2215 m
388 2174 544 2216 indoles
560 2204 573 2224 ,
604 2177 673 2228 qui
705 2177 780 2229 toti
808 2175 1038 2219 ferebantur
1062 2176 1347 2230 philosophiae

1269 2259 1345 2299 stu-
