1513 2734
777 148 1007 203 (¹8)

325 287 476 331 sionem
514 282 555 326 se
595 283 790 338 accingit.
819 316 822 321 .
849 284 1006 328 Mirum
1043 297 1207 335 autem,
1250 297 1369 340 quam
1399 288 1461 328 in-

324 359 472 412 signem
500 355 541 394 in
572 352 736 394 modum
766 351 834 395 hic
867 356 1002 396 omnia
1028 357 1203 398 referant
1243 368 1459 397 oratorem.

322 427 536 474 Crimina,
564 437 586 464 a
611 423 856 469 Christianis
885 423 1068 473 remota,
1099 436 1216 466 acute
1243 426 1379 466 videas
1419 426 1460 465 in

318 496 432 550 ipsos
459 494 704 536 adversarios
733 505 887 536 retorta
913 492 937 546 (
947 491 1008 546 1).
1074 493 1230 550 Quod,
1258 496 1329 536 ubi
1360 495 1460 536 lice‘-

319 567 420 615 bat,
470 577 546 606 nec
587 574 745 606 veteres
787 563 1050 619 negligebant
1094 576 1276 606 oratores
1306 565 1462 607 caussa-

318 647 492 688 rumque
529 637 706 689 patroni.
769 633 915 675 Omnis
967 634 1099 675 oratio
1155 633 1336 688 splendet
1380 634 1460 675 frc-

317 704 540 759 quentibus
566 705 860 754 antithesibus,
893 703 1059 745 condita
1088 715 1150 744 est
1177 705 1286 760 jocis
1325 715 1366 744 et
1406 703 1463 744 sa-

315 775 454 822 libus,
498 776 648 823 acriter
687 775 833 829 pungit
880 773 1174 815 sarcasmorum
1226 774 1464 815 acerbitate.

317 844 470 900 Quid?
515 844 629 897 quod
670 845 948 900 argumentis,
997 856 1075 898 pro
1111 844 1177 885 sua
1204 842 1341 885 caussa
1366 842 1466 883 alla-

319 916 397 962 tis,
444 913 550 954 haud
588 926 679 955 raro
718 915 933 969 majorem
959 912 1156 954 conciliat
1200 911 1465 965 persuadendi

317 985 401 1025 vim
446 983 640 1024 sermonis
678 987 902 1038 gravitate,
951 996 1072 1036 quam
1103 995 1245 1023 eorum
1278 982 1464 1037 diligenti

315 1053 589 1105 expositione.
651 1051 845 1106 Denique
872 1052 1055 1092 refutatis
1091 1053 1361 1102 criminibus,
1393 1052 1464 1093 du·-

316 1121 673 1175 bitationibusque
704 1122 874 1172 solutis,
905 1122 1317 1175 Christianorumque
1349 1121 1466 1163 causa

317 1192 463 1246 pa'sfim
516 1192 827 1242 commendata,
881 1192 1048 1247 prorsus
1097 1203 1304 1234 oratorum
1346 1205 1464 1234 more

317 1263 497 1311 eodem,
541 1262 646 1303 unde
678 1261 861 1316 egressus
897 1273 1011 1311 erat,
1053 1263 1187 1311 redit,
1218 1275 1391 1316 querens
1415 1263 1465 1304 de

315 1333 503 1389 judicum
544 1333 757 1386 iniquitate
800 1330 896 1386 (2).
956 1330 1051 1374 Nec
1088 1333 1314 1374 mirandum
1346 1333 1463 1384 sane,

319 1401 566 1443 Tertulliani
599 1403 747 1456 scripta
776 1403 1041 1458 apologetica
1070 1402 1244 1444 formam
1286 1403 1460 1444 induisse

320 1473 556 1514 oratoriam.
646 1471 754 1512 Cum
796 1474 935 1521 enim,
990 1484 1036 1514 ut
1074 1474 1238 1526 quidem
1277 1473 1463 1513 nonnulli

319 1540 594 1595 probabiliter
631 1540 835 1589 statuunt,
880 1541 1025 1582 rhetor
1057 1541 1181 1583 fuerit
1207 1552 1248 1582 et
1278 1542 1464 1583 causfidi-

319 1624 424 1659 cus,
455 1621 668 1662 antequam
698 1609 888 1664 religioni
917 1610 1173 1664 Christianae
1205 1624 1353 1652 nomen
1397 1612 1464 1653 da·
1512 1647 1513 1664 ἶ

319 1691 413 1730 ret,
460 1679 633 1733 sponte,
676 1680 716 1719 in
742 1679 912 1719 dicenda
940 1679 1270 1723 Christianorum
1314 1680 1461 1731 causa,
1512 1679 1513 1682 ’

320 1742 402 1800 εει,”
425 1762 504 1803 qua
531 1748 674 1789 solitus
701 1747 862 1798 fuerat,
891 1749 977 1804 egit
1006 1749 1176 1790 ratione.

368 1877 562 1924 (1)c.9‚
588 1888 654 1921 13,
681 1888 745 1923 14,
772 1886 838 1923 15>
861 1887 1014 1924 352240‚
1038 1888 1078 1922 41
1108 1886 1142 1912 et
1169 1888 1226 1921 43·

368 1932 437 1980 (2)
460 1943 492 1970 c.
517 1943 562 1979 50
582 1933 710 1979 pasfim.

1291 2248 1332 2303 §-
1367 2238 1460 2292 Vri.
