1513 2734
543 98 769 157 (27)

79 240 219 281 setiam·
266 237 508 287 confirmat,
567 239 694 292 ipsam
749 250 927 280 naturam
981 236 1224 288 humanam,

80 322 237 351 itantam
277 309 474 351 scelerum
519 310 808 350 immanitatem
847 307 1009 363 prorsus
1044 308 1225 349 aversan·

81 391 200 426 stem,
261 381 480 420 invocans.
512 390 684 428 testem3
741 391 838 426 nee,
880 379 1077 430 denique,
1132 376 1226 418 reli·

80 449 223 503 gionis
280 448 533 490 Christianae
580 448 760 502 placita,
818 448 1227 501 Christianorumque

79 519 304 570 opiniones
335 519 560 572 peculiares
589 518 658 560 hic
689 520 730 558 in
758 518 923 559 censum
965 530 1115 559 vocare
1156 529 1227 557 ne—

81 586 222 641 gligit.
284 586 528 628 Universum
570 599 702 628 autem
734 588 841 630 hunc
872 588 1013 629 locum
1043 587 1224 629 confide-

83 669 199 705 rans,
227 657 374 698 dubius
400 656 565 697 haereas
583 686 596 706 ‚
642 670 776 699 utrum
805 660 883 700 viri
910 657 1105 713 singulare
1133 669 1227 698 acu-

85 737 205 775 men,
235 738 285 766 an
315 737 413 766 vero
441 727 614 766 eximios
645 727 777 768 sensus
807 727 980 768 morales
996 728 1132 782 ‘magis
1160 726 1235 767 ads

85 795 255 835 mireris.
326 793 441 835 'Hinc
477 796 602 849 igitur
633 798 880 838 tantam-fibi
910 795 1108 837 conciliat
1134 808 1226 848 per-

84 864 272 905 suadendi
301 865 412 914 vim,
444 875 514 914 ut,
545 867 644 915 nisi,
676 866 781 907 lecta
798 866 873 907 hac
899 865 1228 906 Christianorum

85 932 348 983 defensione,
402 934 615 975 adversarii
657 935 820 989 prorsus
862 935 1140 989 perspexerint
1169 947 1228 976 at-

81 1012 166 1055 que
207 1004 348 1043 intime
378 1003 674 1057 persenserint,
706 1005 801 1046 il'los
827 1007 999 1046 istorum
1031 1004 1229 1046 scelerum

84 1072 208 1113 fuisse
237 1074 434 1114 immunes
452 1103 466 1124 ,
511 1074 602 1128 ipso
619 1075 845 1130 *hominum
869 1076 1037 1116 nomine
1066 1074 1228 1115 videan-

86 1153 151 1184 tur
179 1143 348 1198 indigni.

143 1211 250 1253 Nam
279 1210 388 1266 (1),
420 1224 466 1254 ut
498 1213 581 1268 jam
622 1214 672 1255 ad
700 1214 826 1268 ipsam
849 1215 1130 1267 perveniamus
1160 1213 1228 1255 de-

91 1281 313 1324 senfionem
331 1313 344 1331 ,
402 1284 503 1338 quid
567 1284 896 1326 Christianorum
954 1286 1240 1325 innocentiam-

84 1353 336 1406 comprobat
378 1354 660 1410 manifestius,
707 1368 827 1408 quam
858 1355 956 1396 haec
985 1353 1227 1394 Tertulliani

20 1474 23 1478 ,
83 1422 356 1472 asseveratio,
399 1436 478 1476 qua
518 1423 766 1472 contendit*
803 1422 961 1464 nullum
988 1423 1120 1464 adhuc
1143 1423 1228 1463 tale

79 1492 415 1535 Christianorum
441 1493 640 1547 flagitium
668 1492 792 1534 fuisse
826 1493 1017 1533 erutum?
1063 1491 1227 1533 Etenim

87 1575 182 1604 cum
211 1562 352 1617 Judaei
369 1592 382 1611 ‚
415 1561 634 1610 Gentiles,
665 1563 823 1615 ipsique.
848 1562 992 1615 perfidi
1020 1575 1070 1602 ex
1085 1562 1227 1603 Chris-

82 1633 210 1676 tianis
237 1631 478 1686 *transfugae
517 1631 567 1672 ab
597 1632 716 1673 initio
737 1633 838 1672 inde
867 1632 1125 1673 Christianos
1152 1634 1227 1674 ob-

84 1701 280 1743 sedissent
296 1731 309 1749 ‚
354 1701 656 1756 prodidissent,
680 1701 862 1755 :ipsisque
888 1704 929 1742 ln
957 1704 1228 1745 conventibus

93 1771 216 1813 sacris
246 1772 567 1826 supervenissent
598 1774 799 1823 incautis,
831 1773 1074 1826 quomodo,
1106 1785 1228 1826 quae-

87 1841 163 1891 so,
217 1842 420 1897 ejusmodi
473 1843 656 1884 facinora
699 1843 849 1884 tamdiu
893 1855 954 1884 tot
993 1843 1226 1896 capitalium

87 1912 267 1953 hostium
298 1911 446 1952 oculos
486 1913 618 1953 celare
660 1913 1166 1966 potuissent*Christianij
1198 1914 1227 1955 st

88 1984 140 2026 iis
170 1995 306 2024 revera
335 1983 504 2025 fuissent
530 1982 718 2039 polluti?
763 1982 1011 2039 Reposuisse
1041 1983 1227 2024 videntur

981 2051 986 2058 ⁸
1154 2051 1223 2093 ad-

134 2132 198 2178 (1)
222 2134 353 2180 Apolog.
381 2143 411 2169 c.
437 2143 460 2178 7
479 2155 492 2161 -
507 2144 541 2178 9.
569 2135 618 2169 ad
639 2135 794 2170 Nationes
817 2134 859 2169 L.
884 2135 911 2170 Ι.
935 2144 968 2171 c.
995 2144 1017 2179 5
1032 2158 1042 2176 ‚
1065 2134 1113 2176 6,
1136 2143 1171 2178 7.
