1513 2734
713 159 937 216 (34)

253 298 316 340 vel
346 298 399 338 fic
431 307 562 337 tamen
578 294 804 338 Christiani
825 299 1061 353 impietatis
1086 301 1267 342 crimine
1281 312 1386 341 non·

250 371 345 411 dum
367 377 509 407 vacare
538 365 817 408 censebantur.
877 367 1093 410 Laescrant
1132 372 1239 411 enim
1267 370 1385 411 Deos

246 436 393 492 populi
434 435 642 485 Romani,
687 449 841 491 eosque
882 437 1041 479 laedere
1079 441 1304 493 pergebant
1343 441 1386 482 in

246 509 346 548 dics.
406 505 544 559 Atque
584 507 640 546 ita
682 506 827 559 sponte
873 507 1030 547 homini
1060 507 1253 549 Romano
1281 511 1385 551 obo-

243 577 421 623 riebatur
448 577 743 631 indignationis
773 576 908 617 sensus
937 578 1172 618 acerrimus.
1232 578 1385 622 Colant

239 649 373 701 inepti
398 648 494 697 isti,
523 648 579 686 ita
613 645 735 687 facile
765 646 939 698 dixerit,
986 646 1125 687 colant
1155 646 1268 688 suum
1297 647 1384 689 De-

238 730 334 767 um,
382 717 677 770 qualiscunque
715 719 749 757 is
791 720 850 760 fit.
926 719 1026 774 Quo
1066 732 1164 760 vero
1204 719 1306 772 jure⁴
1343 720 1385 760 in

239 799 404 828 nostros
443 788 690 828 invehuntur
737 786 878 838 Deos,
923 803 1028 843 quos
1086 800 1246 842 patrum
1285 788 1384 829 fides

241 857 377 897 sancte
408 856 570 906 coluit,
602 857 753 910 quibus
781 859 1021 899 immensum
1048 860 1292 912 imperium,
1324 860 1384 898 in-

236 939 423 967 numeras
449 939 550 981 opes
595 927 834 981 gloriaeque
866 928 1074 984 fastigium
1111 940 1281 981 accepta
1322 941 1384 968 re-

237 997 440 1038 ferimus?
500 995 691 1050 Quorum
733 996 864 1037 cultui
906 1000 1207 1052 augustissimus
1250 997 1384 1038 sacro-

235 1081 325 1108 rum
367 1067 650 1119 festorumque
684 1064 876 1118 splendor
918 1080 966 1107 ac
1011 1067 1208 1115 suavitas,
1253 1066 1382 1119 ipsae-

235 1150 315 1191 que
345 1150 408 1177 res
437 1135 631 1190 publicae
657 1137 877 1177 arctissime
899 1136 1064 1191 junctae
1094 1134 1215 1176 sunt?
1236 1168 1242 1173 χ
1260 1135 1382 1177 Unde

235 1219 345 1248 tanta
396 1208 568 1248 istorum
605 1207 818 1248 hominum
857 1206 1024 1247 audacia
1074 1219 1121 1247 ac
1164 1206 1380 1248 furibunda

234 1279 468 1333 protervia,
500 1289 571 1326 ut,
603 1289 699 1330 prae
731 1277 870 1318 insano
895 1277 955 1318 sui
984 1276 1067 1318 Dei
1093 1289 1256 1326 amore,
1289 1288 1379 1318 cae·

236 1359 346 1388 teros
383 1360 525 1388 omnes
565 1359 605 1387 et
646 1359 810 1388 nostros
837 1347 904 1388 vel
933 1349 1017 1388 esse
1053 1359 1228 1403 negent,
1274 1347 1379 1388 suas-

233 1431 316 1472 que
355 1418 527 1458 nefarias
553 1418 771 1470 opiniones
801 1419 841 1457 in
872 1417 1065 1470 publicae
1093 1417 1304 1472 religionis
1331 1429 1378 1457 ac

233 1487 486 1540 reipublicae
522 1487 745 1538 perniciem
786 1486 968 1526 fanatico
1003 1487 1133 1527 studio
1160 1486 1284 1541 longe
1321 1486 1378 1526 la-

234 1569 356 1610 teque
406 1556 670 1610 propagent?
725 1554 820 1596 Hoc
867 1554 1025 1597 scelus!
1085 1555 1185 1597 haec
1232 1556 1378 1609 impie-

233 1629 316 1667 tas!
350 1623 430 1678 (Ι)

294 1693 587 1748 Unusquisque
644 1694 769 1747 igitur
816 1692 954 1740 videt,
1002 1692 1083 1732 hoe
1124 1691 1234 1733 illius
1288 1697 1378 1735 aevi

233 1765 495 1819 Apologetae
537 1762 660 1803 fuisse
703 1773 847 1802 munus
892 1763 1188 1814 praecipuum,
1232 1774 1277 1804 ut
1334 1765 1375 1804 in

231 1833 495 1875 defendendis
537 1832 780 1874 Christianis
810 1833 940 1885 ipsum
980 1832 1157 1885 plurmm
1187 1832 1374 1875 Deorum

1288 1903 1374 1944 cul-

275 2016 755 2063 (1)Tzschirncr,1.
786 2017 808 2049 1.
839 2017 872 2050 S.
908 2018 972 2050 208
993 2016 1087 2059 seqq.
1112 2017 1372 2058 Schrock,

229 2076 294 2110 Th.
322 2076 384 2109 111.
409 2076 441 2109 S.
465 2077 499 2110 6.
524 2076 553 2108 E
572 2072 773 2108 isenloh
791 2083 831 2113 r,
871 2074 892 2107 l.
918 2074 940 2106 Ι.
966 2083 1001 2115 p.
1034 2083 1122 2116 124,
1170 2083 1244 2116 125.
1268 2075 1370 2109 Doct.

231 2133 265 2166 H
280 2143 300 2165 u
316 2143 336 2174 g
353 2133 441 2165 enh
458 2133 505 2165 ol
521 2141 532 2165 t
548 2141 567 2164 z
585 2157 595 2171 ,
632 2131 786 2165 Diatribe
823 2131 861 2163 cle
900 2130 1003 2163 decem
1028 2143 1061 2173 q.
1088 2131 1122 2164 d.
1149 2132 1370 2164 vexationibus

232 2189 508 2229 Christianorum,
537 2188 635 2222 obvia
649 2189 681 2221 in
702 2187 879 2222 Annalibus
903 2186 1102 2222 Academiae
1121 2187 1370 2229 Rheno-Trai.

231 2255 260 2280 a.
293 2247 387 2281 1818.
415 2257 450 2288 p.
476 2255 530 2288 55.
