1513 2734
602 98 832 160 (23¹)

140 242 259 290 rin0‚
302 251 468 294 tumque
506 254 610 295 aqua
650 239 883 282 infundatur
922 249 996 291 per
1045 233 1277 276 tubulatum*

139 319 342 358 retortae,
400 311 531 352 donec
581 312 680 352 haec
723 310 841 364 plane
876 307 1030 361 repleta
1070 305 1144 356 fit,
1189 316 1274 358 quo

139 379 254 420 facto
283 379 448 421 tubulus
474 382 697 434 epistomio
734 391 878 421 exacte
913 377 1125 419 clauditur.
1185 373 1275 415 Fir-

141 451 263 491 miter
311 451 543 494 collocetur
586 463 768 499 retorta‚
815 460 946 502 neque
988 445 1275 500 suspendatur,

138 521 264 573 quia,
295 524 490 563 coctione
519 523 594 563 hac
625 520 826 561 interdum
855 516 1002 572 agitata
1020 546 1033 566 ,
1075 527 1146 570 gas
1182 526 1274 568 per-

139 590 314 631 deretur.
387 591 497 632 Bene
539 591 694 644 pofitae
738 588 875 629 sensim
912 588 1017 642 ignis
1063 586 1277 627 admovea-

140 670 205 699 tur
234 656 344 712 (1),
386 659 519 701 donec
549 658 708 700 tandem
740 658 848 698 lente
875 654 1047 698 ebullire
1076 656 1274 711 incipiat,

136 739 258 781 atque
286 728 477 769 ebullitio
505 742 579 782 per
605 727 842 782 quindecim
871 726 920 766 ad
949 727 1159 766 minimum
1203 726 1278 766 mi-

136 809 233 838 nuta
270 799 400 851 prima
430 798 630 839 duraverit
673 795 769 850 (τι).
829 795 919 837 Hac
955 795 1198 836 ebullitione
1228 806 1278 836 ex

136 866 245 921 aqua‘
271 867 534 921 expelluntur
561 880 738 921 corpora
766 866 986 921 gasformia
1003 895 1016 914 ‚
1048 877 1151 918 quae
1188 863 1279 904 vase

136 936 324 987 inverso,
372 940 577 981 mercurio
621 936 810 991 repleto,
843 937 958 988 supra
996 935 1083 975 tubi
1112 933 1279 975 alteram

137 1008 435 1047 extremitatem
464 1007 629 1060 pofito,
662 1007 940 1061 colligantur3
972 1005 1054 1047 hoc
1082 1017 1150 1045 vas
1188 1004 1280 1044 satis

138 1089 327 1131 magnum
362 1078 437 1127 fit,
482 1089 526 1119 ut
568 1079 705 1118 omnia
745 1075 859 1118 fimul
900 1074 1148 1128 colligantur
1176 1087 1277 1129 gas,

138 1147 233 1199 quia
260 1147 390 1188 abiret
416 1150 619 1201 quantitas
656 1146 851 1200 quaedam
869 1175 882 1195 ,
928 1145 955 1184 fi
986 1144 1278 1197 imponendum

138 1215 242 1255 esset
279 1215 389 1257 aliud
416 1230 500 1257 vas,
562 1217 658 1258 Hoc
690 1227 774 1255 non
809 1216 920 1267 prius
952 1214 1068 1266 supra
1097 1215 1184 1256 tubi
1209 1226 1279 1253 ex-

140 1285 383 1325 tremitatem
412 1285 649 1338 ponendum
666 1314 679 1333 ‚
711 1297 831 1337 quam
862 1283 1043 1324 bullulae
1070 1295 1140 1336 gas
1168 1285 1206 1323 in
1228 1292 1289 1323 eo·

140 1355 241 1403 fint,
273 1365 318 1396 ut
344 1367 490 1396 exeant
515 1368 536 1395 e
556 1355 683 1405 tub0;
715 1353 940 1396 caloricum
963 1355 1118 1407 quippe
1134 1364 1287 1405 aquam*

141 1423 268 1478 ipsam
312 1423 473 1473 dilatat,
531 1436 573 1465 et
614 1436 713 1478 gas,
759 1425 800 1464 in
849 1435 1002 1464 retorta
1039 1423 1278 1471 evolutum,
1318 1468 1320 1471 v

140 1505 284 1548 aquam
318 1505 369 1534 ex
408 1493 479 1534 illa
516 1493 717 1548 expellit,
762 1505 864 1547 quae
891 1499 994 1546 aqua
1029 1504 1126 1535 tunc
1165 1494 1283 1548 supra
1314 1501 1316 1504 ’

1178 1575 1282 1603 mer-

188 1666 252 1711 (ι)
291 1666 496 1702 Potissimum
533 1666 653 1701 balneo
675 1677 821 1709 arenae,
853 1668 946 1710 quod
969 1668 1106 1710 dicunt,
1137 1670 1283 1712 impona-

145 1734 199 1758 tur
213 1749 225 1765 ,
248 1734 289 1757 ne
315 1725 437 1758 vitrum
460 1725 647 1767 frangatur,
685 1725 762 1767 quia
800 1724 845 1760 fic
864 1726 1093 1761 calefaciendo
1107 1752 1118 1768 ,
1157 1733 1285 1760 retorta

144 1780 258 1815 sensim
281 1779 402 1815 calefit.

191 1836 255 1882 (2)
279 1837 334 1871 Cl.
363 1837 484 1881 Klap
500 1847 516 1871 r
531 1847 552 1872 ο
567 1837 614 1872 th
638 1837 743 1880 dicit,
766 1838 807 1873 ad
830 1841 999 1874 minimum
1025 1850 1088 1885 per
1113 1840 1191 1874 duas
1219 1839 1282 1872 ho-

147 1903 197 1927 ras
224 1902 337 1934 aquam
364 1895 432 1928 esse
456 1892 684 1937 coquendam,
718 1904 755 1930 ut
778 1896 818 1929 ab
856 1899 944 1930 omni
985 1899 1062 1931 ae're
1090 1898 1283 1936 liberetur-2

147 1949 305 1991 equidem
328 1959 437 1984 autem
465 1962 529 1985 non
553 1952 655 1987 video
670 1977 680 1992 ,
720 1963 822 1995 quare
845 1955 959 1988 coctio
987 1954 1109 1988 tamdiu
1137 1953 1176 1988 fit
1202 1967 1283 2000 pro-
1306 1975 1310 1979 -

148 2005 323 2047 trahenda,
359 2015 435 2050 post
462 2017 607 2050 quartam
632 2009 720 2044 enim
752 2010 853 2044 horae
881 2018 1009 2054 partem
1037 2010 1117 2044 nihil
1145 2014 1281 2056 amplius

149 2065 275 2106 expelli
297 2063 384 2098 vidi:
421 2066 509 2099 conf.
541 2066 563 2101 1.
584 2075 616 2100 c.
641 2067 741 2102 Torn.
768 2068 811 2102 V.
837 2076 912 2111 pag.
934 2076 1023 2110 4773
1055 2069 1169 2112 pagina
1195 2076 1286 2105 vero*
1351 2060 1365 2071 ’

149 2129 215 2164 520
241 2121 308 2163 ipse
337 2119 444 2162 dicit,
467 2129 613 2165 quartam
640 2122 742 2158 horae
769 2130 898 2168 partem
915 2121 1081 2160 sufficere.
