1513 2734
684 143 938 200 (226)

220 292 295 338 ad
324 300 474 344 puncta
500 284 527 327 S
557 296 598 326 et
621 281 693 332 R,
735 282 777 330 in
813 281 942 336 planis
978 281 1072 355 XO
1089 279 1129 322 Υ
1153 292 1195 322 et
1220 279 1258 322 X
1275 279 1315 322 O
1332 279 1367 325 Z

244 361 494 415 applicatas,
525 365 668 401 erunt,
701 352 725 398 (
727 363 786 394 uu
801 365 852 393 ex
865 352 993 393 vectis
1021 343 1270 404 pnoprietate
1293 363 1368 392 no-

242 429 430 482 vimus)
446 424 741 482 magmtudmes
756 423 895 464 harum
912 422 1061 463 virium
1061 416 1368 476 decomposita-

239 514 357 550 rum,
387 497 574 553 aequales
608 494 778 540 dimidio
803 494 864 534 vis
894 492 925 534 P
969 488 1045 545 cos.
1074 505 1132 541 ω,
1174 491 1368 544 quoniam

238 569 337 626 RQ
379 575 428 604 =
466 567 583 622 SQ;
628 566 752 620 igitur
791 564 852 605 vis
892 562 923 604 P
951 557 1027 617 cos.
1056 575 1112 610 a,
1154 562 1195 602 in
1236 559 1368 613 spatio

236 653 387 695 agens,
417 637 593 680 resoluta
619 645 680 675 est
708 635 749 674 in
777 633 873 674 duas
905 634 1039 681 vires,
1079 643 1181 684 quae
1212 631 1368 685 pofitae

234 708 326 753 sunt
363 711 403 749 in
431 707 562 763 planis
586 702 738 746 XOY
767 714 808 744 et
837 702 932 744 XO
956 702 1019 752 Z,
1060 702 1112 743 ad
1150 713 1244 742 axes
1271 697 1368 740 ΟΥ

234 792 277 821 et
303 779 343 820 O
359 779 393 820 Z
419 776 674 832 applicatae,
705 772 895 827 ipsaeque
923 771 1110 825 aequales
1141 769 1206 817 {P
1232 767 1308 826 cofi
1325 785 1367 813 a.

235 848 398 890 Eodem
429 846 555 889 modo
577 856 718 886 omnes
746 845 881 892 vires,
912 844 976 882 axi
1001 840 1094 883 ΟΧ
1124 839 1367 894 parallelae,

201 930 207 935 ·
235 918 486 960 resolvantur
524 917 567 956 in
608 914 705 955 duas
731 914 864 953 vires:
909 925 994 966 quo
1029 911 1171 958 facto,
1204 911 1366 951 obtine·

235 1000 324 1033 mus
364 986 445 1027 duo
474 980 686 1036 systemata
714 984 860 1023 virium
901 980 1214 1035 parasselarum,
1263 991 1366 1034 quae

233 1068 358 1112 agunt
385 1057 425 1097 in
453 1054 583 1107 planis
613 1051 652 1093 X
670 1051 762 1092 ΟΥ
790 1062 830 1092 et
859 1050 1026 1100 XOZ,
1056 1051 1105 1091 ad
1141 1062 1236 1090 axes
1266 1045 1309 1088 O
1327 1047 1367 1089 Y

231 1140 275 1169 et
299 1126 337 1167 O
353 1125 417 1175 Zx,
449 1135 489 1165 et
505 1124 557 1164 fic
575 1152 588 1171 ‚
619 1121 786 1174 qunndo
800 1120 979 1174 reliquae
993 1122 1098 1161 vires
1112 1118 1228 1160 fimili
1243 1119 1367 1160 ratio-

230 1209 282 1246 ne
312 1196 401 1237 sunt
425 1191 748 1245 decompofitae‚
777 1192 1023 1245 acquirimus
1049 1191 1254 1244 sequentia
1282 1189 1365 1242 sys-

231 1277 378 1319 temata
407 1265 553 1306 virium
591 1261 902 1315 parallelarum,
944 1270 1047 1315 quae
1073 1262 1114 1302 in
1153 1258 1365 1303 com-dina.-

166 1353 170 1355 “
233 1347 361 1378 tarum
390 1334 520 1389 planis
549 1343 691 1387 agunt.

292 1405 360 1447 1⁰.
391 1403 437 1445 In
464 1403 590 1457 plano
619 1402 658 1444 X
677 1400 773 1443 ΟΥ
803 1412 927 1456 agunt
955 1400 1038 1442 duo
1067 1400 1306 1453 systematat

286 1478 313 1524 ἑ
342 1474 372 1516 P
403 1471 478 1529 coſs
509 1488 566 1523 oo,
596 1468 694 1517 {P'
723 1468 801 1525 cos.
828 1473 868 1511 ω’
898 1483 987 1513 caet
1015 1485 1029 1522 ς
1081 1469 1162 1517 {P
1201 1467 1279 1526 cos:
1306 1473 1362 1521 β,

226 1544 248 1567 ²
277 1543 329 1587 P'
355 1543 431 1601 cos.
460 1544 506 1592 β’
533 1553 635 1584 caet.
654 1556 668 1592 t,

229 1627 406 1669 quorum
436 1610 564 1680 prius
588 1612 638 1652 ad
673 1612 780 1653 axim
823 1610 949 1662 OY,
980 1611 1148 1652 alterum
1175 1612 1227 1653 ad
1256 1612 1361 1653 axim

231 1684 354 1734 OX,
384 1681 636 1737 applicatum
666 1690 740 1722 est.

289 1751 357 1794 20.
388 1751 491 1792 Item
518 1751 558 1790 in
585 1748 709 1803 plano
734 1749 774 1793 X
791 1749 910 1801 ΟΖ,
943 1750 1026 1793 duo
1063 1752 1276 1804 systemata
1301 1753 1362 1794 vi-

227 1824 331 1865 rium
361 1820 642 1875 parallelarum
671 1819 842 1872 adsunt:,
873 1823 1093 1864 nimirum:

285 1890 309 1937 ἑ
334 1890 369 1935 ,Ρ
393 1888 468 1946 coſs
499 1905 555 1940 ας
588 1890 609 1937 ἑ
644 1887 694 1930 Ρ’
723 1887 798 1946 cofi
827 1888 875 1932 ω’
901 1902 1033 1939 caen,
1065 1891 1361 1942 adaximOZ;

227 1959 252 2010 ξ
284 1959 316 2001 Ρ
349 1957 424 2015 cofi
453 1975 509 2011 y,
543 1957 641 2007 {P‘
670 1958 746 2017 cosI
775 1959 827 2008 γ’
855 1971 957 2003 caet.
987 1961 1036 2002 ad
1057 1963 1162 2002 axim
1193 1961 1302 2004 OX.

289 2029 356 2084 3⁰.
388 2030 580 2084 Denique
596 2031 790 2072 habemus
809 2032 847 2071 in
864 2031 987 2084 plano
1017 2030 1051 2071 Z
1070 2030 1109 2071 Ο
1127 2031 1192 2080 Υ,
1223 2034 1357 2075 vires:

286 2100 307 2150 ᾗ
335 2100 365 2141 Ρ
397 2098 472 2156 cos.
499 2103 556 2151 β,
591 2102 614 2151 ξ
651 2102 696 2143 P'
723 2099 1010 2158 coflss'caet.‚
1041 2101 1090 2145 ad
1114 2101 1358 2152 aximOZ;

224 2174 252 2222 ξ
288 2169 320 2213 Ρ
350 2169 426 2228 cos.
455 2186 515 2224 y,
542 2172 569 2222 ἒ
600 2168 654 2216 Ρ’
682 2169 760 2229 cos.
790 2170 841 2221 γ’
866 2182 1002 2223 caen,
1032 2171 1082 2214 ad
1109 2174 1217 2214 axim
1247 2171 1358 2215 OY.

1257 2252 1259 2256 ·
1312 2241 1359 2283 Si
