1513 2734
584 144 613 201 <
673 158 726 201 23
784 141 814 198 )

124 281 250 336 ipsam
277 293 345 324 aut
374 285 533 336 minus,
563 298 631 328 aut
653 298 764 329 certe
789 299 872 329 non
894 288 1020 343 magis
1046 289 1167 330 nobis
1182 290 1269 332 esse

125 366 332 421 cognitam
364 378 403 407 et
426 369 676 425 perspectam
693 401 705 419 ‚
738 384 855 425 quam
879 361 1055 413 animurn
1071 385 1270 415 nostrum.

181 447 311 503 Quod
363 450 388 490 fi
447 463 581 493 autem
633 467 871 507 quaeratur,
917 457 1094 510 magisne
1150 457 1270 498 nobis

11 518 16 522 ’
56 550 72 557 N
121 531 349 585 persuasum
393 535 465 583 fit,
509 537 591 577 esse
637 539 871 586 materiam,
917 552 1037 593 quam
1091 541 1268 582 animum

119 626 327 669 nostrum,
357 618 561 660 adeundus
591 631 650 660 est
679 621 799 671 fons,
844 634 893 662 ex
921 635 1005 676 quo
1035 622 1134 664 haec
1165 625 1268 664 oria-

121 707 186 738 tur
213 698 427 751 persuafio.
490 701 532 742 Si
560 715 610 743 ex
638 716 689 744 eo
720 705 1033 756 concludimus,
1066 707 1149 748 esse
1184 720 1265 748 ma-

120 781 262 821 teriam
280 811 293 830 ,
330 783 443 834 quod
465 796 553 824 eam
581 785 763 827 videmus
780 817 793 838 ‚
827 790 1058 844 tangimus,
1089 802 1156 831 aut
1182 804 1270 832 om·

118 863 246 923 nin02
286 865 400 932 quod
441 866 482 905 in
525 866 680 909 sensum
707 881 918 912 externum
962 874 1075 927 agit,
1122 873 1268 915 eodem

110 945 205 1000 'jure
237 948 522 990 concludimus
547 953 725 993 animum
753 953 837 993 esse
855 984 868 1004 ‚
900 967 951 995 ex
979 955 1066 1009 ejus
1081 954 1267 998 affectio-

120 1029 240 1068 nibus
270 1041 310 1070 et
336 1033 597 1082 actionibus,
641 1034 751 1076 sensu
789 1038 949 1077 interno
976 1039 1265 1092 percipiendis.

79 1137 82 1140 -
120 1110 178 1151 At
203 1124 329 1176 vero,
362 1114 415 1162 fi,
448 1127 492 1154 ut
515 1115 695 1168 Jacobi
715 1147 728 1165 ‚
762 1119 1032 1172 philosophus
1051 1123 1263 1176 egregius,

119 1192 321 1234 subtiliter
363 1207 406 1236 et
453 1209 547 1238 vere
590 1199 797 1252 disputat,
857 1215 950 1244 cum
996 1206 1266 1257 perceptione

117 1287 284 1317 externa
327 1278 548 1335 firmissime
590 1283 810 1336 conjuncta
859 1297 920 1326 est
958 1287 1181 1339 persuum,
1228 1288 1271 1329 id

118 1371 261 1400 revera
288 1361 400 1410 esse,
447 1364 560 1416 quod
590 1368 847 1420 percipitur,
878 1381 1010 1423 neque
1049 1371 1149 1412 haec
1177 1384 1268 1424 per·

118 1442 245 1484 suafio
273 1456 323 1485 ex
351 1444 484 1499 aliqua
523 1448 785 1511 conclusione
815 1452 865 1491 de
909 1454 1052 1501 causa,
1097 1455 1267 1508 ejusque

118 1524 267 1566 effectu
309 1528 462 1580 oritur,
507 1530 614 1571 idem
660 1533 874 1576 dicendum
920 1549 980 1576 est
1025 1537 1074 1577 de
1113 1540 1263 1580 animo.

117 1607 217 1649 Non
245 1611 350 1650 enim
369 1641 382 1660 ,
414 1613 440 1653 fi
472 1613 724 1667 voluptatem
756 1629 824 1658 aut
852 1620 1115 1671 cupiditatem
1147 1621 1267 1662 senti-

117 1705 235 1742 πως,
267 1705 318 1734 ex
348 1693 481 1748 aliqua
509 1697 771 1741 conclusione
800 1683 1065 1757 colligimus,
1112 1704 1267 1757 aliquid

117 1774 162 1815 fit
193 1777 356 1817 necesse
383 1778 498 1828 esse,
543 1782 656 1834 quod
696 1768 905 1838 voluptate
932 1799 1000 1827 aut
1044 1789 1266 1841 cupiditate

116 1858 339 1908 afficiatur,
373 1860 442 1901 sed
482 1876 575 1904 cum
611 1867 724 1906 omni
754 1869 930 1909 actionis
960 1882 1000 1910 et
1039 1871 1266 1913 affectionis

118 1945 383 1995 perceptione
438 1940 594 1988 inte-*rna
648 1949 883 1992 consociata
940 1965 1001 1994 est
1045 1955 1265 1995 arctissime

124 2024 354 2076 persuasio,
385 2040 490 2079 nOS‚
522 2031 564 2072 id
598 2044 688 2081 est,
718 2036 894 2075 animum
935 2049 1116 2078 nostruin
1145 2051 1265 2092 agere

94 2090 187 2146 ‘aut
223 2107 355 2158 affici,
399 2125 502 2164 quae
557 2116 811 2157 consociatio
851 2119 972 2160 etiam
1015 2121 1055 2160 in
1098 2121 1263 2162 somniis

119 2201 255 2232 manet
281 2192 458 2246 intacta,
490 2208 564 2239 nec
595 2198 666 2240 nifi
701 2201 742 2240 in
773 2202 850 2252 iis,
882 2203 953 2257 qui
993 2216 1127 2245 mente
1166 2218 1263 2257 cap-

1231 2298 1261 2328 ti
