1513 2734
598 155 789 212 (5)

126 291 302 338 maxime
334 291 378 335 fit
419 303 510 345 apta
533 292 582 334 ad
611 294 794 335 homines
825 292 1084 351 populosque
1113 309 1248 339 emen-

126 365 311 423 dandos,
350 374 398 415 ad
426 376 723 427 provehendam
755 378 1065 430 humanitatem,
1110 381 1252 434 probi-

125 466 273 505 tatem,
304 458 471 497 virtutes
502 471 669 508 omnesg
701 472 751 500 ne
782 472 912 502 tamen
944 463 1249 514 existimemus,

123 537 339 591 derepente
393 539 442 580 ad
483 540 568 594 ejus
607 554 822 596 praecepta
869 546 1093 598 composita
1131 545 1252 587 fuisse

124 621 270 660 omnia.
360 620 530 663 Scilicet
583 622 817 666 hominibus
844 638 847 639 ⁷
871 638 958 667 eam
1000 629 1253 670 concesserat

121 700 274 742 Divina
325 702 609 754 Providentia,
668 709 737 759 qui
777 709 884 750 varia
917 710 1046 752 essent
1084 711 1253 762 indole,

119 785 237 824 variis
281 797 539 826 moverentur
576 787 815 838 affectibus,
860 793 980 831 variis
1008 792 1251 835 ducerentur

119 866 281 915 studiis,
312 879 352 907 et
377 867 575 922 quidquid
600 872 834 925 acciperent
859 872 909 914 ad
939 872 1045 915 suam
1082 875 1248 918 confor-

118 961 270 990 marent
285 949 475 991 sentiendi
507 953 792 1007 cogitandique
820 965 860 995 et
884 956 1027 1010 agendi
1050 969 1245 998 normam.

120 1030 395 1085 Quamobrem
437 1045 537 1086 quae
565 1035 605 1074 in
642 1038 826 1090 gentium
865 1037 1036 1080 historia
1073 1041 1250 1082 cernitur

120 1112 329 1154 hominum
356 1116 621 1168 gentiumque
649 1120 842 1168 varietas,
874 1120 1042 1163 mirifica
1073 1122 1162 1162 sane
1199 1122 1249 1164 il-

117 1194 184 1243 la,
227 1207 268 1237 et
302 1195 351 1236 ad
392 1195 512 1249 ipfius
549 1197 720 1240 studium
749 1200 1010 1243 vehementer
1035 1196 1248 1256 alliciens,

116 1276 254 1317 eadem
286 1271 465 1330 ,pariter‘
481 1280 522 1319 in
576 1281 675 1322 orbe
717 1282 950 1326 observatur
994 1285 1244 1329 Christiano.

117 1358 178 1400 Ut
203 1360 244 1400 in
273 1361 394 1401 rebus
422 1361 700 1415 populorum,
733 1366 786 1405 ita
811 1367 851 1406 in
883 1368 1071 1409 omnibus
1105 1369 1247 1411 Chris·

118 1443 244 1483 tianae
273 1442 489 1485 Societatis
519 1447 887 1501 vicisfitudinibus,
918 1450 1177 1505 spectandum
1209 1455 1249 1497 se

116 1525 236 1566 nobis
261 1526 429 1579 praebet
456 1527 587 1571 homo.

172 1691 290 1748 Quae
306 1708 397 1736 cum
415 1697 468 1737 ita
482 1696 577 1747 fint,
607 1698 854 1751 Auditores,
883 1714 957 1744 nec
983 1702 1102 1744 facile
1128 1715 1243 1759 repe-

115 1775 242 1817 riatur
269 1779 399 1828 ratio,
432 1793 509 1833 qua
525 1779 732 1824 Ecelefiae
763 1784 931 1826 historia
961 1798 1001 1826 et
1025 1787 1243 1841 jucundius

115 1868 334 1909 tractetur,
375 1872 416 1902 et
446 1863 652 1905 uberiores
681 1867 871 1919 praebeat
899 1868 1105 1910 doctrinae
1135 1870 1246 1912 fruc-

117 1951 206 1990 tuS,
252 1944 442 1986 concessa
482 1946 581 1987 mihi
626 1948 749 1990 hacce
787 1950 953 2003 publice
982 1952 1142 1993 dicendi
1169 1963 1244 2006 op-

114 2027 389 2078 portunitate,
419 2041 441 2068 a
472 2031 712 2082 provincia,
745 2032 844 2073 mihi
875 2034 1082 2084 mandata,
1113 2048 1134 2075 a
1153 2048 1241 2077 ves-

115 2107 193 2155 traei,
211 2106 452 2159 Auditores,
483 2111 725 2165 praesentia,
757 2128 779 2156 a
800 2110 942 2157 vestris
959 2111 1078 2166 item,
1097 2119 1243 2171 optimi
1270 2118 1272 2123 ‘

109 2188 307 2242 Juvenes,
353 2191 518 2245 studiis,
559 2208 641 2238 non
673 2197 846 2240 alienum
886 2199 974 2241 fore
1012 2202 1178 2256 putavi,
1216 2202 1243 2242 fi

1159 2283 1240 2324 hoc
