1513 2734
584 157 816 214 (ss)

135 300 219 342 hoc
254 309 278 338 a
319 294 417 340 Deo
457 295 703 351 precandum
730 294 847 344 esse,
888 303 942 341 ut,
973 290 1112 339 mundi
1150 290 1273 334 finem

136 358 382 413 acceleraret
425 366 663 421 Christique
704 377 874 420 regnum
915 365 1001 406 cito
1028 363 1275 412 adduceret,

135 451 210 482 eos
237 440 450 492 increpans
475 437 760 485 Christianos,
792 437 862 490 qui
898 433 1041 477 Deum
1065 444 1276 488 precaren-

136 521 230 560 tur,
280 520 327 550 ut
375 507 513 550 mundi
555 505 673 550 illum
726 506 936 549 interitum
976 503 1081 547 esset
1130 502 1276 546 dilatu-

134 592 202 623 rus
232 577 330 633 (1).
430 632 434 635 .

250 648 476 692 Christiani
518 650 641 690 etiam
676 655 760 702 per
791 649 964 704 genium
1003 643 1281 703 imperatoris

127 720 293 774 jeu-are
309 719 463 760 strenue
489 718 671 760 recusare
701 718 898 760 solebant.
959 716 1131 760 Veteres
1145 717 1281 765 enim,

78 813 81 815 -
134 789 353 832 luxurianti
395 789 485 831 suae
530 788 786 842 indulgentes
814 788 1069 841 phantafiae‚
1102 798 1280 828 ⁴omnem

133 870 267 901 rerum
302 871 484 901 naturam
526 860 681 914 ingenti
710 857 938 912 implevisse
963 859 1180 914 ,geniorum
1208 868 1284 897 nu·

134 942 270 979 mero,
300 931 373 984 qui
389 931 627 985 regionum,
657 929 842 980 urbium,
869 929 1080 971 hominum
1093 928 1280 970 aliarum·

134 1011 214 1054 que
239 1007 373 1041 rerum
401 1013 542 1043 curam
566 1011 757 1055 agerent,
784 1001 986 1040 neminem
1002 998 1115 1042 latet.
1161 995 1284 1051 Ejus·

135 1069 248 1111 modi
285 1081 419 1114 autem
454 1071 597 1125 genius
624 1071 862 1124 imperatori
897 1071 1103 1124 imprimis
1131 1069 1287 1111 tribue÷

137 1140 286 1188 batur,
318 1152 391 1194 per
415 1152 537 1194 quem
568 1140 644 1194 qui
658 1141 794 1196 Jurare
827 1150 1090 1189 retractaret,
1133 1139 1286 1194 gravis·

139 1212 239 1253 fimo
268 1210 385 1264 saepe
413 1210 662 1252 afficiebatur
687 1209 891 1264 supplicio
920 1207 1017 1263 (2).

194 1278 290 1335 Qua
328 1280 493 1333 quidem
520 1282 563 1321 in
593 1280 731 1323 caussa
764 1280 1042 1325 Tertullianus
1085 1279 1288 1323 Christia-

135 1361 213 1391 nos
259 1350 311 1390 ab
356 1350 504 1391 invidis
548 1351 635 1403 suis«
667 1351 1017 1404 vituperatoribus
1057 1361 1141 1392 non
1181 1347 1288 1390 male

98 1434 103 1441 ¹
136 1418 364 1462 defendisse
379 1419 652 1473 videtur(3).
713 1419 913 1475 Quamvis
933 1421 1043 1462 enim
1063 1419 1114 1460 ad
1140 1431 1288 1472 aequa-

93 1537 104 1554 Χ
137 1489 241 1531 lium
282 1489 616 1534 Christianorum
651 1490 870 1543 opiniones
904 1489 1292 1540 accommodatius,

138 1572 260 1614 quam
288 1561 423 1601 verius
449 1559 734 1615 Romanisque
756 1558 808 1599 ad
842 1559 1162 1612 persuadendum
1201 1558 1288 1601 effi-

141 1630 308 1679 cacius,
354 1631 642 1680 contenderit,
691 1629 877 1672 Caesaris
927 1631 1107 1684 genium«
1139 1628 1292 1672 malum

140 1699 227 1742 esse
261 1700 501 1742 daemonem
521 1730 534 1752 ,
565 1712 640 1755 per
677 1711 800 1754 quern
835 1699 973 1754 jurare
1015 1698 1130 1742 nefas
1153 1699 1291 1750 esset,;

1197 1768 1290 1812 *hoe

184 1868 251 1916 (ι)
272 1872 400 1918 Apolog.
429 1881 462 1907 c.
495 1872 536 1909 28
556 1880 641 1915 -32·
664 1871 713 1906 ad
732 1870 828 1914 Scap.
848 1872 927 1905 αι
942 1885 958 1914 ’,
981 1880 1015 1906 2.
1043 1871 1083 1905 de
1099 1870 1269 1908 oratione
1281 1872 1302 1914 ,¹

141 1937 174 1964 c.
203 1937 237 1972 5.
281 1930 384 1964 Conf.
422 1929 669 1971 Miinsche
687 1937 729 1969 r,
779 1925 952 1962 Lehrhuch
991 1927 1049 1972 der
1084 1926 1296 1963 Chamickm

143 1986 481 2030 Dogmeugefhlzichte,
505 1995 642 2030 zweyte
674 1983 813 2026 Auflage
829 2008 841 2024 ‚
865 1983 898 2018 S.
926 1994 966 2020 21
986 2003 1000 2011 ·
1014 1995 1071 2029 24.

190 2042 254 2088 (2)
280 2043 373 2086 Sue
390 2052 402 2078 t
418 2053 474 2078 on
491 2045 536 2078 iu
553 2054 567 2079 s
583 2067 594 2085 ,
631 2046 665 2077 in
694 2045 840 2087 Augusto
856 2067 867 2084 ‚
905 2052 936 2078 c.
956 2043 1023 2085 60,
1058 2045 1093 2078 in
1120 2040 1296 2092 Caligula,

146 2110 180 2135 c.
220 2111 275 2145 27.
326 2101 576 2142 Rosinus,
623 2101 708 2136 1.1.
738 2109 774 2144 p.
819 2106 1005 2145 151-153.
1057 2096 1295 2135 Tzschir·

188 2166 265 2198 er,
290 2158 416 2192 1.1.S.
441 2168 535 2200 πο,
559 2168 636 2194 221.
1197 2171 1204 2175 ·

192 2211 258 2259 (3)
279 2214 409 2259 Apolog.
437 2223 470 2251 c.
498 2225 553 2260 3²·
581 2216 629 2252 ad
648 2214 830 2257 Mttoms,
855 2213 896 2251 1..
921 2215 949 2250 1.
969 2222 1006 2250 c·
1030 2222 1101 2259 «γε
