1513 2734
504 173 733 231 (37)

102 312 246 357 exinde
274 313 399 368 igitur
428 311 662 354 deducenda
690 323 752 353 est
783 311 921 369 regula
947 312 1104 368 praesu-

102 379 285 436 mendis
308 396 427 438 atque
463 383 513 424 ad
548 383 681 425 casum
708 375 944 439 singularem
973 380 1105 436 appli-

101 456 254 506 canda,
303 454 514 496 hominem
554 455 724 496 ratione
760 454 964 509 gaudere.
1024 451 1106 493 Ve-

100 540 191 570 rum
230 526 366 580 quoad
403 526 505 566 hane
557 525 737 579 regulam
783 522 1105 570 observandum,

102 610 197 639 cum
223 597 309 651 ejus
335 597 494 652 generis
523 595 749 652 accidentia
779 595 983 636 ordinario
1013 604 1107 634 cum

102 666 330 708 substantiis
372 666 450 707 suis
490 666 757 715 cohaereant,
804 665 831 705 fi
874 664 923 705 de
965 675 1109 705 eorum

102 735 281 777 absentia
321 735 503 784 constat.,
549 736 755 775 minimam
786 735 942 788 semper
968 733 1108 774 absen-

91 807 199 847 *tiam
220 804 305 845 esse
319 805 660 858 praesumendam
676 834 690 853 ‚
722 806 780 845 uti
794 803 937 846 fecisse
954 803 1109 844 Roma-

103 888 206 925 nos,
239 874 437 928 exemplis
465 871 775 928 probatur(1).
837 872 992 914 Eadem
1007 885 1111 926 quo-

104 958 182 999 que
225 931 427 999 p'rincipia
473 943 672 985 admisisse
720 943 975 998 legislatores
1016 955 1112 984 nos-

105 1029 218 1065 trOS‚
249 1028 301 1057 ex
332 1014 469 1056 multis
497 1014 602 1056 locis
633 1013 807 1055 Codicis
837 1013 1114 1068 Napoleonti-

103 1088 143 1128 ci
173 1086 327 1127 constat
356 1084 451 1140 (2).

161 1155 215 1197 Il.
250 1155 376 1197 Facta
403 1156 508 1196 inter
535 1154 574 1195 se
601 1154 850 1205 cohaerent,
895 1156 954 1195 uti
982 1150 1115 1209 causa
1150 1163 1204 1197 De
1218 1163 1300 1196 alte-

61 1230 70 1232 ’
103 1237 145 1268 et
172 1224 353 1282 effectus.
387 1225 563 1281 Quando
593 1225 746 1268 factum
774 1225 943 1280 aliquod
970 1209 1176 1278 daturffi}

103 1298 160 1339 ita
197 1308 243 1338 ut
282 1295 445 1337 alterius
488 1295 696 1349 cujusdam
741 1295 840 1339 facti
883 1295 999 1337 causa
1029 1294 1112 1336 dici

104 1364 279 1414 debeat,
325 1365 482 1422 exinde?
514 1367 659 1407 iterum
705 1366 940 1412 deducenda
966 1376 1026 1406 est
1051 1377 1114 1405 re-

101 1435 198 1490 gula
225 1435 530 1488 praesumendi,
563 1435 689 1477 modo
717 1436 824 1477 faeta
852 1436 922 1477 illa
947 1449 1030 1477 non
1059 1436 1115 1475 ita

103 1507 208 1546 inter
236 1505 274 1546 se
299 1506 542 1546 cohaereant
558 1537 570 1556 ,
615 1517 659 1547 ut
685 1505 855 1547 alterum
885 1506 1115 1547 necessario

102 1575 268 1616 alterius
297 1574 414 1616 causa
443 1576 503 1616 fit.
563 1574 615 1616 V.
648 1588 708 1631 gr.
741 1575 894 1617 factum
925 1576 1114 1617 incendi-

104 1659 174 1686 um
202 1646 247 1686 in
276 1643 372 1699 ipsis
397 1644 571 1685 aedibus
602 1655 743 1686 ortum
785 1644 868 1699 esse
907 1646 1113 1686 ordinario

104 1715 319 1761 cohaeret,
350 1714 410 1753 uti
434 1712 620 1764 effectus,
652 1728 745 1756 cum
768 1715 880 1756 facto
896 1715 1113 1770 negligen-

104 1785 194 1826 tiae
211 1782 555 1826 inhabitantium
568 1814 580 1834 ‚
595 1798 672 1839 qua
688 1785 802 1827 causa
819 1814 831 1835 ‚
855 1787 909 1826 ita
923 1784 1113 1827 utstatim

368 1857 369 1861 ’
1061 1869 1115 1897 ex

149 1943 213 1990 (1)
236 1945 314 1980 vid.
343 1947 365 1980 l.
397 1948 427 1980 8.
448 1945 487 1989 ffi
508 1946 547 1979 de
570 1946 685 1979 Curat.
701 1943 776 1987 fur.
804 1946 857 1978 vel
875 1947 919 1981 al.
949 1946 971 1979 1.
995 1954 1050 1989 25.
1071 1945 1114 1990 ff.

103 2002 142 2037 de
165 2004 266 2037 Prob.
291 2011 323 2036 et
351 2002 460 2046 praes.
502 2003 519 2046 §
552 2013 582 2036 1.
611 2001 688 2045 [κβ.
716 2003 754 2035 de
791 2002 915 2037 Donat.
944 2003 968 2036 1.
997 2012 1052 2046 27.
1071 2001 1114 2046 ff.

103 2060 170 2094 eod.
195 2061 216 2094 1.
241 2060 275 2094 6.
290 2059 332 2102 ff.
350 2060 389 2093 de
409 2061 546 2094 Condict.
570 2058 659 2102 caus:
687 2060 720 2093 d.
739 2071 767 2094 c.
785 2071 818 2092 n.
857 2085 866 2094 .
897 2068 964 2094 etc.

151 2113 214 2158 (2)
238 2116 338 2150 Conf.
362 2117 453 2150 univ,
492 2116 522 2149 T
536 2115 556 2148 h
573 2116 583 2147 i
601 2119 620 2149 b
637 2127 654 2149 a
669 2127 690 2150 u
707 2125 719 2149 t
735 2141 745 2156 ‚
784 2118 899 2160 System
932 2117 989 2150 der
1008 2117 1113 2154 Pmm'.

105 2172 182 2206 Vol.
211 2174 239 2207 Ι.
264 2174 282 2216 §
312 2182 366 2214 30.
399 2175 428 2207 C
445 2183 500 2206 oc
516 2183 534 2206 c
551 2183 569 2206 e
585 2173 595 2216 j
613 2174 622 2206 i
638 2199 649 2214 ‚
678 2173 738 2211 Jus
771 2174 920 2208 Contrw.
948 2174 1111 2221 Controv-

106 2238 162 2272 50.
180 2237 215 2264 et
231 2230 270 2264 M
283 2239 300 2264 e
311 2240 331 2263 n
342 2240 364 2264 o
375 2239 393 2264 c
405 2230 525 2272 hius,
550 2231 611 2276 Op.
637 2231 728 2266 laud.
745 2230 838 2266 Libr.
858 2231 919 2266 111.
935 2231 1040 2273 praes.
1059 2240 1111 2274 14.
