1513 2734
612 75 867 134 (119)

157 217 312 259 criores
340 215 485 257 reddit.
544 213 667 257 Haud
690 216 836 256 mirum
862 215 985 269 igitur
999 225 1167 268 aquam,
1198 225 1301 267 quae

157 288 265 328 tanta
295 288 417 340 copiti
445 287 645 327 interdum
678 285 936 343 oxygenium>
956 285 1168 335 continet,
1197 283 1300 325 mul·

158 368 203 399 to
251 358 399 397 minori
439 369 562 399 azoto
603 358 821 411 junctum,
864 368 985 410 quam
1028 355 1070 395 in
1111 356 1202 396 aere
1240 366 1299 395 at-

156 427 472 481 mosphaeric0‚
505 427 647 480 sapore
679 427 717 467 se
748 439 961 480 tantopere
988 425 1301 475 commendare,

156 508 198 538 et
225 497 373 538 effectu
403 509 482 538 tam
523 499 693 552 egregio
728 498 995 551 conspicuam
1037 495 1135 536 esse.
1212 494 1300 536 To-

154 580 231 609 nus
274 570 478 609 viscerum
514 567 597 608 hoc
628 567 744 608 valde
786 567 1051 617 instauratur,
1093 565 1200 608 unde
1242 565 1301 606 di-

156 640 291 693 gestio
319 639 507 680 ciborum
536 637 701 679 faciiior
731 648 771 677 et
798 638 926 691 magis
957 647 1115 691 vegeta.

215 707 492 764 Substantiae
519 707 779 762 vegetabiles
811 717 852 747 et
881 708 1108 748 animales.
1183 705 1303 749 Nihil

156 778 340 827 habent,
388 791 471 831 quo
517 778 599 819 sese
641 790 745 830 aqua
785 789 1002 818 contentae
1046 778 1306 836 commenda·

155 859 276 898 rentt,
322 859 465 888 contra
505 846 762 900 impediunt,
805 850 1024 902 quominus
1053 834 1304 904 oxygenium

155 929 198 960 et
224 918 386 959 acidum
417 916 684 958 carbonicum
710 932 837 972 aquae
867 920 979 975 jungi
1003 922 1183 973 possint,
1234 928 1304 958 aut

154 989 296 1044 juncta
324 999 510 1029 maneant
527 1017 540 1037 ‚
573 989 679 1028 unde
711 988 783 1029 sub
802 1012 817 1019 -
834 989 1075 1031 carbonates
1103 989 1230 1030 calcis
1261 1000 1304 1029 et

118 1057 123 1063 ’
156 1060 381 1113 magnesiae
407 1059 755 1112 praecipitantur,
787 1071 829 1100 et
857 1071 984 1113 aquae
1015 1058 1189 1100 multum
1222 1059 1305 1099 vir-

157 1130 256 1170 tutis
287 1128 377 1169 suae
406 1128 611 1182 perdunt3
658 1142 868 1183 praeterea
909 1130 1095 1184 saporem
1131 1128 1307 1171 reddunt

156 1199 313 1240 fatuum
341 1209 384 1238 et
412 1196 668 1238 nauseosum.

648 1338 687 1391 ς
719 1336 794 1379 111.

213 1479 417 1522 Examen
455 1475 721 1532 qualitatzmz
748 1489 966 1532 aquarum
994 1490 1247 1535 nostrarum

481 1555 490 1571 ³
627 1546 834 1602 sontium.

180 1704 183 1707 ·
214 1689 404 1731 Vidimus
441 1688 714 1742 proprietates
760 1701 1016 1744 corporum,
1059 1694 1177 1747 aquis
1204 1705 1301 1734 nos·

160 1763 235 1803 tris
264 1771 554 1802 contentorum
573 1788 585 1805 ‚
618 1771 844 1815 eorumque
867 1763 1050 1804 actiones
1078 1765 1119 1804 in
1151 1776 1304 1818 corpus

157 1832 391 1873 humanum.
451 1827 674 1870 Videamus
702 1843 834 1881 nunc,
868 1846 1064 1886 quaenam
1097 1836 1217 1876 trium
1246 1834 1306 1875 se-

158 1901 306 1940 rierum
334 1913 529 1954 aquarum
557 1900 603 1941 fit
633 1903 752 1953 potui
782 1904 956 1943 maxime
981 1904 1214 1946 inserviens.

217 1969 403 2011 Pristinis
433 1971 687 2023 temporibus
715 1972 786 2012 iila
812 1981 915 2025 aqua
944 1987 1022 2027 pro
1049 1987 1154 2029 potu
1176 1975 1301 2029 aptis-

159 2043 254 2083 fima
267 2041 516 2092 habebatur,
551 2055 654 2096 quae
679 2045 891 2085 minimum
909 2057 1130 2098 corporum
1147 2045 1302 2087 soluto-

160 2124 250 2152 rum
277 2113 543 2165 continebat,
574 2114 759 2169 inprimis
773 2113 1007 2157 salinorum.
1048 2114 1159 2159 Hinc
1175 2117 1302 2172 igitur

1215 2185 1303 2229 fac·
