1513 2734
525 182 728 239 (7)

124 323 411 381 scriptiuncula
456 335 479 363 a
533 333 596 362 me
643 317 828 373 praestita
858 315 1125 375 judicabitis9

121 410 217 440 cum
258 408 299 442 et
343 392 538 446 temporis
582 390 789 445 angustiae
831 400 873 430 et
910 389 952 428 in'
985 385 1129 441 primis

102 470 105 472 ’
118 480 246 524 parva
287 457 419 506 rerum
464 463 610 504 notitia
651 461 749 502 mihi
791 459 932 501 causae
967 455 1130 498 exstite-

123 541 232 587 rint,
265 536 482 589 quominus
511 534 566 577 ita
590 543 750 574 acturus
787 531 884 579 fim,
925 538 971 570 ut
1007 535 1131 567 omne

123 619 321 663 punctum
351 604 487 646 tulisse
520 604 603 644 dici
642 612 802 655 queam.
865 598 948 640 Sed
984 596 1132 638 Vestra

124 676 410 720 benevolentia
451 673 590 716 fret-us*
624 672 666 711 in
700 682 859 711 arenam
887 667 1135 711 descendere

122 749 240 790 ausus
287 746 370 787 sum
388 775 401 793 ,
439 756 559 797 atque
588 741 634 785 id
657 752 812 782 tantum
841 753 864 780 a
893 737 1029 779 Vobis
1057 748 1130 777 ro·

124 829 263 873 gatum
291 816 376 856 esse
401 814 553 861 velim,
585 822 629 852 ut
659 811 804 852 harum
837 808 1044 851 causatum
1071 818 1135 847 ra-

131 889 245 928 tione
275 885 442 933 habita,
475 883 578 927 hanc
606 893 690 922 non
718 882 923 936 indignam
953 876 1138 919 habeatis

125 957 559 1002 Commentationem,
591 965 695 1006 quae
723 965 820 992 cum-
848 950 1016 992 caeteris
1033 953 1134 988 con-

127 1038 277 1070 currat.
351 1024 565 1080 Quaenam
609 1035 709 1064 vero
752 1034 896 1063 norma
952 1018 1053 1060 mihi
1090 1018 1138 1057 in)

127 1096 424 1138 conscribenda
447 1094 809 1137 Commentatione
836 1088 1036 1144 sequenda
1062 1089 1137 1135 fit,

126 1180 179 1208 ex
235 1178 326 1208 ante
384 1166 505 1206 dictis
538 1164 640 1217 vjam
683 1163 827 1216 sponte
874 1160 1137 1213 intelligitur.

128 1235 350 1291 Quaeritur
371 1234 570 1288 exposit-210
599 1233 811 1274 doctrinae
851 1230 1024 1272 Codicis
1058 1227 1134 1268 Ci-

127 1306 223 1348 vilis
253 1304 408 1347 Gallici
437 1305 486 1347 de
514 1302 911 1358 praesumtionibus:
943 1300 1011 1340 cui
1033 1295 1134 1339 con-

130 1377 299 1430 sequens
343 1388 430 1426 est,
472 1388 549 1418 nos
581 1386 664 1417 non
695 1373 744 1414 de
769 1373 869 1426 jure·
887 1369 1143 1412 constituen-·

130 1449 214 1498 do,
248 1448 315 1488 sed
337 1448 418 1502 jam
447 1446 669 1489 constituto
698 1441 905 1483 sollicitos
938 1439 1023 1479 esse
1066 1438 1136 1479 de-

131 1518 227 1558 bere
244 1532 258 1567 ι,
277 1517 358 1558 ,Γρᾶ
385 1518 439 1556 ita
469 1518 513 1556 in
538 1516 625 1570 ejus
648 1513 862 1566 principiis
889 1509 1136 1562 investigan-

131 1588 192 1633 dis
217 1587 491 1637 versabimur,
523 1596 569 1627 ut
595 1582 710 1627 fimul
739 1581 935 1635 quaedam
964 1578 1137 1621 submis-

133 1658 210 1699 suri
236 1658 354 1697 fimus
382 1657 431 1696 de
461 1656 690 1708 praeceptis
712 1652 1002 1706 philosophiae
1018 1649 1138 1701 super

133 1728 272 1769 eadem
316 1727 511 1774 materie,
556 1736 610 1766 ut
644 1736 696 1763 eo
739 1724 863 1763 tutius
898 1723 1068 1760 virtutes
1097 1728 1139 1758 et

131 1799 231 1839 vitia
261 1795 534 1851 legislationis>
558 1794 743 1837 Gallicae
783 1792 971 1845 indagare
1012 1789 1140 1843 posst-

134 1881 245 1910 nius:
293 1880 396 1921 quae
436 1876 654 1920 praecepta
694 1861 981 1917 philosophiae
1022 1869 1140 1913 prae-

135 1939 268 1984 sertim
299 1950 349 1977 ex
376 1937 553 1991 egregiis
577 1933 832 1988 Germanicis
854 1931 1014 1983 scriptis
1040 1929 1140 1969 hau-

135 2011 310 2056 riemus,
343 2020 445 2060 quae
472 2006 589 2059 super
617 2004 808 2048 doctrina
848 2000 1138 2056 philosophiae

137 2079 187 2120 de
222 2077 590 2132 praesumtionibus
622 2076 734 2121 edita
773 2073 875 2113 sunt.
936 2069 1140 2124 Quaestio

139 2161 272 2190 autem
316 2149 380 2189 sua
421 2149 559 2192 natura
604 2149 644 2187 in
679 2146 763 2186 ‘duo
791 2145 922 2197 capita
953 2140 1139 2182 dissolvi-

141 2231 228 2270 tur,
276 2232 450 2274 quorum
491 2219 607 2272 prius·
632 2217 692 2265 de
743 2213 927 2260 doctrina
965 2209 1147 2257 Codicis:

1059 2291 1139 2323 cir-
