1513 2734
607 117 832 177 (13)

162 265 339 311 naveris,
381 263 488 303 varia
517 261 702 309 videbis,
732 260 850 313 'quae
888 269 1065 301 mutuam
1091 260 1295 303 actionem

162 336 204 375 in
246 334 284 374 se
327 334 500 373 invicem
530 329 789 378 exercendo,
835 329 1217 382 decomponuntur‚
1248 345 1300 372 ex

163 417 244 457 qua
278 402 627 455 decompofitione
672 398 869 440 nonnulla
893 398 998 439 haud
1027 410 1116 438 raro
1147 401 1303 451 praeci—

162 474 369 528 pitantur,
413 471 517 512 unde
540 473 665 526 igitur
694 470 1166 509 imminuiturnumerus
1193 468 1302 511 solu-

164 554 326 591 torum,
371 540 606 593 insequente
636 539 934 591 proprietatum
959 538 1184 579 diverfitate
1212 539 1303 591 ipfi-

163 625 210 654 us
236 613 361 653 totius
391 610 538 651 massae
565 608 725 649 fluidae.
787 607 874 655 Ita,
927 619 971 648 ut
1000 608 1192 662 exemplo
1221 609 1304 650 hoc

163 682 441 729 illustremus,
486 677 604 718 infint
669 677 801 718 eidem
845 689 970 731 aquae
1012 677 1308 729 hydrochloras

165 749 291 790 calcis
322 761 363 788 et
388 748 459 789 sub
482 771 498 777 -
514 747 713 788 carbonas
738 747 887 797 sodae3
921 747 1034 787 fimul
1058 758 1179 802 atque
1207 749 1308 790 haec

165 817 299 858 secum
341 817 517 856 invicem
557 817 597 855 in
634 827 872 857 contactum
905 817 1103 865 veniunt,
1142 817 1309 859 decom-

164 888 267 939 poni
300 886 479 935 debent,
523 887 617 939 quia
648 887 780 940 major
805 882 985 927 affinitas*
1002 897 1064 926 est
1090 885 1197 927 acidi
1221 900 1310 929 cat-

165 956 311 1011 bonici
347 955 397 995 ad
434 955 620 1005 calcem,
667 968 789 1009 quam
835 956 885 996 ad
915 955 1050 996 sodam
1069 987 1083 1007 ,
1113 966 1183 996 aut
1202 957 1310 998 acidi

166 1025 477 1076 hydrochlorici
530 1026 579 1066 ad
626 1026 755 1079 ipsam
813 1025 982 1066 calcem.
1065 1025 1310 1069 Formantur

165 1097 290 1149 igitur
331 1095 650 1136 sub-carbonas
690 1095 815 1137 calcis
850 1107 890 1135 et
921 1095 1216 1146 hydrochloras
1244 1097 1308 1138 so-

165 1166 253 1206 dae.
285 1187 328 1197 --
359 1164 481 1206 Infint
515 1168 636 1206 etiarn
665 1178 792 1219 aquae
828 1165 989 1218 sulphas
1017 1167 1237 1221 magnefiae
1266 1178 1309 1207 et

166 1235 238 1277 sub
259 1236 487 1276 -carbonas
531 1235 742 1288 potassae,
798 1237 950 1276 orietur
991 1236 1310 1278 sub-carbonas

165 1306 387 1360 magnesiae
443 1315 485 1344 et
530 1303 690 1357 sulphas
732 1305 946 1359 potassae,
990 1305 1047 1346 ob
1076 1306 1307 1347 affinitatem

114 1404 118 1423 ι,
166 1377 363 1430 majorem
403 1373 563 1415 acidum
604 1376 868 1416 carbonicum
909 1377 1012 1416 inter
1045 1386 1086 1415 et
1113 1377 1307 1430 magnefi-

166 1459 257 1494 am,
301 1457 420 1497 quam
462 1445 566 1484 inter
606 1445 774 1498 reliqua.
806 1444 926 1485 -In
969 1457 1143 1499 utroque
1185 1447 1309 1501 igitur

167 1516 260 1556 casu
303 1513 427 1555 allato
470 1507 789 1567 praecipitantur
831 1514 1089 1556 insolubilia:
1136 1517 1162 1557 fi
1206 1528 1307 1556 vero

170 1586 267 1626 adfit
295 1584 453 1625 acidum
471 1584 740 1627 carbonicum
754 1584 997 1638 superfluum
1014 1614 1027 1633 ,
1060 1585 1182 1634 haec,
1214 1585 1306 1626 sub-

169 1656 366 1697 cau-bonas
408 1665 554 1705 nempe
589 1654 715 1696 calcis
744 1666 784 1695 et
813 1655 1063 1708 magnesiae,
1106 1654 1307 1696 mediante

168 1725 288 1766 acido
316 1724 396 1764 hoc
426 1734 647 1774 contento,
680 1711 811 1766 soluta
837 1735 1035 1764 tenentur.

227 1793 391 1835 Variant
419 1792 545 1845 igitur
576 1792 748 1834 multum
765 1805 891 1846 aquae
907 1795 1181 1846 compositio,
1209 1808 1307 1849 pro-

169 1865 362 1919 prietates
391 1861 621 1910 chemicae,
653 1862 825 1904 effectus
845 1863 884 1902 in
911 1866 1194 1905 oeconomiam
1222 1867 1309 1906 ani-

169 1932 342 1980 malem,
387 1929 571 1982 reliqua,
617 1944 741 1983 quare
786 1934 954 1974 minoris
991 1945 1074 1978 non
1115 1946 1176 1976 est
1217 1947 1306 1976 mo-

160 2003 323 2052 menti,
356 2001 435 2042 hoc
460 2001 536 2040 rite
566 2002 727 2043 novisse
755 2001 853 2056 (1).

1203 2062 1305 2104 Uni-

213 2158 277 2206 (ι)
301 2161 354 2195 De
379 2157 492 2194 salibus
512 2159 652 2195 maxime
680 2161 950 2197 memorabilibus
965 2185 977 2204 2
1000 2170 1146 2200 mutuam
1168 2162 1306 2200 decom-

1241 2229 1305 2264 1³0-
