1513 2734
584 146 809 209 (19)

136 279 376 336 obliterari;
420 287 633 341 justissima
669 301 806 331 tamen
840 289 1040 332 bonorum
1082 291 1262 334 omnium

139 370 292 409 animos
334 371 551 422 occuparat
594 372 856 422 sollicitudo,
900 374 1027 413 nostri
1057 375 1166 415 cives
1194 374 1264 416 nifi

139 461 291 491 mature
319 453 360 491 in
387 451 612 495 libertatem
639 455 962 506 restituerentur,
991 468 1042 496 ne
1068 455 1262 510 paulatim

138 543 179 572 et
216 533 316 587 ipfi,
361 533 410 576 ad
442 547 680 586 ‹exrerorum
710 538 913 580 levitatem
939 537 1086 593 delapsi
1116 551 1156 580 et
1190 540 1262 579 im·

138 615 357 667 pietatem,
415 630 437 658 a
475 620 607 671 prisca
651 620 716 666 ‚sua
757 633 803 663 ae
844 622 1005 671 nativa,
1051 634 1153 675 quae
1188 635 1266 663 una

138 695 410 754 Theologiam
427 701 505 741 huc
536 703 737 744 invitasset
757 732 769 753 ‚
802 703 964 753 indole,
997 704 1267 745 desciscerent

137 782 297 832 penitus
325 793 364 821 et
391 781 689 836 degenerarent.
765 784 869 839 Quis
898 787 1020 840 igitur
1046 799 1129 827 non
1158 786 1267 827 videt

138 860 518 914 HOGENDORPIUM‚
551 865 808 917 FALcKmM,
841 867 1110 919 KEMPERUM,
1143 868 1265 910 Viros

139 943 374 1006 fortissimos
404 958 523 1000 atque
556 960 716 991 aeterna
756 949 894 990 Batavi
935 952 1110 991 nominis
1151 963 1267 992 orna-

138 1038 300 1077 menta,
357 1042 449 1070 cum
494 1029 631 1085 Belgis
683 1031 732 1071 ad
781 1033 1064 1074 excutiendum
1108 1034 1267 1086 imperii

139 1108 437 1163 Napoleontici
459 1112 601 1166 jugum
630 1125 816 1153 auctores
854 1115 1084 1155 exsisterent
1125 1115 1267 1156 duces-

138 1202 216 1243 que
233 1220 246 1240 ,
277 1203 358 1231 non
384 1191 432 1232 de
459 1194 613 1245 patria,
645 1207 763 1247 quam
792 1196 1071 1238 immortaliter
1096 1196 1267 1245 sibide-

137 1274 337 1314 vinxerint
353 1301 365 1323 ,
408 1275 649 1327 praeclarius
674 1276 855 1319 universa
881 1279 1070 1320 meruisse
1086 1309 1099 1330 ‚
1145 1294 1269 1334 quam·

138 1355 187 1396 de
215 1357 349 1398 nostra
375 1356 449 1399 hac
480 1358 708 1413 singulatim
742 1358 982 1415 disciplinas,
1029 1363 1169 1404 misere
1198 1366 1265 1405 cui

137 1437 411 1494 languescenti
439 1452 479 1481 et
509 1440 703 1497 Belgicos
732 1444 1002 1486 conservarint
1032 1447 1073 1486 in
1116 1446 1264 1502 Belgio

137 1533 295 1572 mores,
327 1534 367 1563 et
388 1525 517 1565 ‘otium
546 1525 728 1565 dederint
748 1538 794 1568 ac
825 1539 967 1581 pacem
989 1527 1263 1580 laetissimam,

136 1615 178 1644 et
204 1617 303 1646 vero
328 1617 541 1659 patronum
584 1607 872 1650 GmmELMUM
901 1609 1060 1666 Regem
1096 1625 1262 1666 compa-

135 1688 259 1729 rarint
273 1687 552 1743 fautoremque
566 1703 688 1732 unum
707 1693 887 1733 omnium
903 1694 1263 1747 exoptatissimum.

137 1768 246 1820 Hic,
277 1770 345 1813 hic
362 1771 445 1825 ipse
460 1771 553 1814 Rex
567 1774 866 1828 augustissimus
889 1787 930 1816 et
950 1776 1038 1816 aliis
1053 1789 1138 1818 rem
1167 1790 1262 1819 nos-

139 1863 239 1894 tram
265 1856 376 1896 auxit
403 1854 610 1897 beneficiis
638 1858 986 1912 quamplurimis,
1018 1872 1058 1901 et
1085 1860 1167 1901 hoc
1178 1872 1261 1901 non

140 1937 329 1985 minimo,
356 1938 467 1991 quod
489 1951 534 1979 os
561 1940 720 1982 reclusit
745 1940 1024 1997 Theologicae
1053 1942 1266 1985 doctrinae·

140 2002 396 2074 linguamque
438 2021 705 2065 constrictam.
794 2023 939 2080 Quae,
983 2025 1140 2079 aliquot
1171 2039 1265 2067 ante

141 2103 253 2144 annis
270 2130 282 2152 ‚
309 2101 333 2143 fi
360 2102 424 2144 vel
452 2105 570 2157 ipsius
596 2107 683 2148 ausa
711 2107 811 2148 esset
827 2107 997 2149 Codicis
1021 2107 1164 2149 Divini
1191 2122 1267 2149 vo*

143 2196 211 2225 ces
241 2183 525 2229 consolatorias
552 2188 600 2230 ad
628 2189 841 2244 erigendos
868 2192 1042 2232 excitare
1081 2191 1265 2246 dejectos

648 2270 681 2311 B
716 2285 737 2313 2
1206 2271 1264 2313 af-
