1513 2734
586 152 612 207 (
678 166 743 209 13»
783 151 808 206 >

154 290 348 332 libertatis
387 290 518 332 ardor.
609 290 882 333 Exseruerunt
923 289 1039 336 illum
1078 292 1119 330 in
1163 290 1285 343 sylvis

150 374 415 415 Baduhennae
462 373 604 424 Frifiiz,
654 376 705 414 *in
745 375 891 428 pugnis
931 386 1024 415 cum
1064 372 1285 422 Romanis,

149 455 326 498 Claudio
357 456 482 497 Civili
521 469 716 508 auctore,
748 457 916 507 Batavi;
961 458 1001 496 in
1045 456 1164 496 bellis
1191 466 1285 497 cum

150 538 347 589 Francis,
415 541 535 594 inque
576 540 773 590 disfidiis,
834 552 934 594 quae
976 538 1115 580 seculo
1174 539 1285 579 deci-

149 635 219 663 mo
249 634 394 676 quarto
423 622 593 664 Patriam
641 625 870 672 turbarunt,
918 622 1155 672 dirisfimis,
1204 634 1287 661 ma-

145 705 255 760 jores
292 706 473 747 universe
514 708 671 756 nostrit,
718 707 784 747 sed
822 719 1023 760 nunquam
1061 705 1100 745 se
1143 705 1288 759 maj0ri

147 801 241 829 curn
268 788 462 843 dignitate
487 789 750 842 prodiderunt
777 789 982 842 praeclara
1013 790 1112 829 haec
1136 788 1286 837 studia,

147 884 266 925 quam
295 883 397 912 aevo
425 871 760 913 Reformationis.
822 871 986 912 Frustra
1009 871 1108 912 haec
1150 870 1289 911 restin-

148 967 271 1008 guere
301 966 445 996 conata
471 966 531 995 est
561 954 702 995 Caroli
732 954 782 995 V.
814 954 1049 1008 prudentia,
1097 953 1284 1007 Philippi

151 1036 205 1077 II.
232 1016 448 1085 severitis,
480 1030 611 1077 Albae
639 1039 815 1088 tyrannis
833 1067 846 1084 ‚
889 1036 1097 1079 Granvelli
1125 1038 1289 1077 astutia.

153 1118 266 1161 Gens
287 1118 369 1171 ipsa
396 1121 436 1159 in
464 1118 661 1172 religione
689 1131 730 1158 et
759 1119 931 1171 politica
953 1119 1184 1160 libertatem
1218 1132 1291 1173 pe-

153 1201 231 1241 tiit.
287 1199 584 1250 Liberialiora,
630 1212 732 1254 quae
773 1201 1034 1251 exstiterunt,
1077 1201 1292 1257 religionis

151 1282 277 1323 studia
317 1283 427 1337 genti
457 1293 616 1323 nostrae
645 1294 755 1324 erant
786 1285 877 1324 imis
914 1284 1034 1325 infixa
1083 1285 1287 1327 medullis.

152 1363 261 1407 Nam
278 1364 552 1416 surrexerunt,
571 1365 641 1407 suo
657 1365 822 1407 foedere
840 1368 1077 1422 conjuncti,
1095 1367 1287 1411 Nobiles.

150 1447 355 1490 Aluerunt
383 1448 453 1489 illa
482 1451 522 1489 in
557 1449 719 1491 clericis
756 1451 936 1504 virisque
979 1451 1150 1500 doctis,
1194 1465 1291 1493 cum

152 1519 369 1586 Philippus
398 1532 707 1587 Burgundienfis
725 1563 737 1582 ,
769 1534 854 1586 ipse
885 1533 1142 1588 TraJ‘ectinus
1167 1534 1292 1588 Epis-

153 1627 316 1668 copus,
348 1626 462 1663 mm,
509 1617 578 1668 qui
619 1617 800 1656 omnium
827 1618 999 1657 maxime
1031 1617 1291 1669 celebratur,

155 1696 331 1739 summus
374 1698 594 1748 Erasmus3
638 1700 722 1738 imo
751 1711 848 1739 vero
881 1698 1090 1753 (mirabile
1121 1700 1232 1742 dictu
1250 1698 1293 1753 Ξ)

154 1782 196 1820 in
227 1780 348 1834 plebe
379 1794 423 1821 ea
453 1793 745 1835 promoverunt
772 1781 1018 1832 Rhetorici,
1052 1783 1129 1823 five
1171 1785 1286 1824 istius

156 1865 243 1904 aevi
285 1866 445 1916 poetae.
513 1863 652 1917 Atque
693 1866 774 1924 ita,
819 1867 1006 1906 excitatis
1043 1867 1083 1906 in
1125 1866 1290 1909 ditioni-

158 1946 233 1987 bus
259 1945 391 2001 Belgii
423 1946 746 1999 septentrionalis
776 1947 974 1988 libertatis
1014 1959 1054 1989 et
1093 1934 1290 2002 politicae

157 2039 199 2068 et
240 2028 451 2083 religiosae
492 2029 663 2079 ardore,
710 2031 931 2072 inauditum
977 2031 1079 2073 illud
1115 2033 1290 2076 inierunt

158 2113 299 2165 proavi
330 2112 509 2162 bellum,
550 2125 662 2166 quo,
705 2113 945 2167 obstupente
976 2113 1171 2169 Europe,
1216 2128 1290 2169 per

159 2195 371 2249 octoginta
398 2206 593 2238 annorum
637 2196 778 2238 seriem
822 2209 898 2251 pro
940 2198 1018 2239 aris
1060 2211 1290 2254 pugnarunt

1247 2293 1290 2323 et
