1513 2734
739 164 963 220 (36)

270 299 490 360 fhphicmn
512 301 807 359 philosophiae
834 305 1064 349 historiam
1099 307 1203 348 viam
1246 306 1412 367 aperiat,

277 387 428 437 Posfim
460 388 664 438 indicare,
710 400 902 442 quantum
934 390 1051 443 hujus
1082 390 1290 431 doctrinae
1320 393 1411 442 vis,

273 471 460 511 idoneam
517 470 702 524 amplexa
735 483 944 521 naturam,
989 473 1115 513 valcat
1155 474 1204 514 ad
1244 487 1411 528 praepa-

270 553 417 594 randos
448 556 632 604 animos,
675 554 723 595 ad
753 554 857 596 satus
884 566 998 595 verae
1028 556 1265 609 religionis,
1298 559 1410 598 omni

271 635 548 688 superstitione
589 637 766 688 liberae,
829 639 1120 692 accipiendos,
1153 641 1221 692 qui
1252 639 1410 682 fructus

269 698 709 766 uberrimos''ferant„
749 720 829 762 Sed
874 733 1032 775 tempus
1062 735 1137 763 nos
1166 734 1332 772 monet,
1363 734 1410 764 ut

271 802 428 843 tandem
455 803 550 843 huic
584 805 758 844 orationi
791 804 908 844 finem
938 791 1207 858 imponamus.
1268 804 1408 860 Quare

267 884 366 925 haec
394 887 438 926 fit
467 886 672 926 universae
690 886 982 940 disquifitionis
1000 900 1163 928 nostrae
1178 888 1404 930 conclufio.

320 966 596 1023 Psychologia
626 969 756 1009 omnis
788 967 1087 1023 Philosophiae
1105 971 1199 1011 veri
1223 982 1285 1011 est
1312 971 1404 1011 fun-

267 1048 511 1091 damentum.
610 1031 728 1091 Viain
784 1051 950 1101 sternit,
1007 1063 1052 1092 ut
1103 1044 1265 1115 remim*
1292 1065 1403 1095 certa

260 1133 417 1172 ratione
444 1134 690 1187 reperiatur,
722 1145 843 1188 atque
888 1134 937 1175 ad
976 1134 1061 1188 eJ'us
1099 1137 1300 1189 principia
1331 1136 1400 1177 ad·

259 1213 482 1256 scendatur.
545 1215 766 1271 Quaelibet
797 1217 902 1273 enim
934 1217 1147 1268 definitio,
1179 1231 1299 1273 atque
1330 1219 1398 1260 de—

259 1297 496 1339 monstratio
526 1300 666 1339 nititur
694 1301 933 1354 principiis,
966 1314 1067 1353 quae
1097 1314 1228 1355 neque
1258 1303 1298 1342 in
1328 1302 1397 1343 de-

258 1379 514 1430 finitionem,
560 1394 690 1436 neque
752 1383 791 1422 in
830 1383 1208 1425 demonstrationem
1252 1386 1397 1427 cadere

256 1465 454 1518 possunt,
487 1477 588 1518 quae
606 1496 617 1514 ,
649 1464 774 1505 veluti
802 1465 938 1507 lucida
967 1458 1114 1515 fide-ru,
1144 1469 1279 1508 omnia
1303 1480 1394 1509 cor-

255 1559 357 1601 pora
379 1530 606 1596 illustrant,
637 1543 741 1589 suzim
759 1560 889 1589 autem
918 1549 1053 1590 lucem
1081 1563 1102 1590 a
1126 1550 1243 1591 nullo
1261 1563 1392 1593 mutu·

253 1641 384 1671 antur.
446 1629 532 1671 Hae
562 1631 648 1671 sunt
679 1633 1031 1683 pronuntiationes
1064 1644 1197 1673 certae
1234 1645 1274 1674 et
1317 1635 1391 1674 im-

239 1713 470 1753 mutabiles
498 1712 775 1763 conscientiae
793 1745 804 1763 ‚
839 1714 1045 1767 supremae
1080 1716 1129 1756 de
1158 1719 1268 1757 onmi
1293 1729 1391 1759 vero

250 1795 414 1850 judicis.
477 1795 775 1851 Psychologiae
803 1809 892 1846 est,
934 1798 1002 1838 has
1030 1796 1391 1851 pronunciationes

249 1879 290 1918 in
318 1879 451 1919 lucem
498 1870 707 1930 proferre,
764 1893 865 1933 quae
901 1880 926 1920 fi
968 1893 1050 1921 non
1099 1881 1388 1933 admittuntur,

249 1974 381 2014 neque
408 1963 589 2002 veritatis
619 1964 776 2003 criteria
806 1963 1032 2013 habentur,
1064 1965 1188 2006 nulla
1218 1975 1280 2006 est
1306 1980 1389 2007 om-
1447 2013 1451 2017 Δ

252 2045 351 2085 nino
377 2045 554 2086 veritas.
616 2044 864 2114 Quicunque
892 2046 991 2086 haec
1021 2048 1224 2102 principia
1247 2047 1388 2089 defini·
1444 2050 1450 2054 ’

248 2140 290 2167 re
321 2139 440 2192 atque
469 2127 765 2179 demonstrare,
810 2139 930 2181 atque
960 2130 1015 2170 ita
1056 2130 1205 2195 limiteqs
1247 2131 1388 2172 huma-

246 2222 321 2252 nae
348 2212 473 2252 menti
500 2210 772 2265 praescriptos
801 2212 1025 2268 transgredi
1074 2196 1270 2264 conatur,
1317 2227 1386 2256 aut

1291 2310 1385 2339 cum
