1513 2734
1247 184 1314 216 1?

212 294 487 354 Disputandi
524 306 889 348 exercitationffins
928 310 1106 361 praeerit
1134 308 1168 352 1.
1199 310 1305 357 HE·

152 376 374 442 RINGA‚
407 383 459 426 E.
492 383 540 427 F.
571 390 759 440 privatim
790 390 858 431 die
889 390 1066 442 saturni,
1098 395 1199 436 hora
1223 395 1301 440 lx.

149 463 216 506 vel
257 465 339 509 alia
375 470 695 523 commodiore,
738 473 943 528 publice,
985 476 1052 518 die
1079 480 1301 533 mercurii,

147 545 250 591 hora
276 547 312 592 Ι.

202 630 261 674 G.
288 646 379 676 nu
409 633 658 689 OORDT,
686 641 787 692 etfi,
813 641 888 684 suo
914 656 1093 701 rog-atu,
1122 646 1299 691 honori-

143 712 225 755 fice
263 727 287 756 a
326 713 449 774 Rege
488 720 679 764 dimissus
722 737 814 775 est,
852 725 1132 772 lubentisfime
1161 743 1303 776 tamen

142 795 209 838 sua
234 799 367 842 officia
395 813 438 844 et
466 804 663 855 consilia,
700 809 842 864 quoad
881 813 970 853 eins
1012 812 1101 856 fieri
1136 818 1311 871 pouit,-

141 879 263 924 offen
290 885 664 933 commilitonibus,

194 1047 244 1091 In
284 1049 753 1100 FACULTATE
813 1058 1223 1120 IUR1DICA‚

612 1139 828 1184 docebunt

186 1295 510 1354 Institutiones‚
549 1302 644 1346 We
659 1318 787 1350 stet
804 1310 870 1352 be
886 1315 1022 1369 rgio
1051 1315 1187 1368 duce,
1225 1315 1284 1360 H.

129 1378 259 1424 ARN
262 1382 518 1428 TZENIUS
537 1419 550 1438 ,
592 1389 737 1433 diebus
766 1397 908 1437 martis
921 1427 936 1447 ‚
969 1403 1158 1442 mercurii
1173 1432 1189 1454 ,
1219 1404 1285 1444 io·

127 1465 217 1515 vis,
247 1470 408 1509 veneris
436 1482 478 1511 ex
511 1466 693 1525 saturni}
724 1476 826 1519 hom
857 1478 932 1522 IX.

182 1546 432 1594 pandectae
455 1556 605 1598 eodem
633 1559 741 1601 duce
769 1559 825 1602 H.
855 1562 1245 1611 ARNTZENIUS
1257 1601 1274 1622 ‚

123 1629 270 1675 diebus
310 1639 476 1689 martis,
521 1646 744 1693 mercurii,
789 1647 926 1698 iovis,
968 1653 1129 1692 veneris
1154 1653 1279 1695 etfa-

124 1717 264 1766 turni,
292 1718 412 1762 ‘hora
450 1721 519 1774 X;
562 1737 772 1778 praetera
815 1733 958 1773 martis
995 1746 1039 1775 et
1082 1740 1275 1780 merem-ii

121 1796 218 1847 die,
249 1800 350 1843 hora
379 1803 434 1845 Π.

176 1881 252 1924 Ius
264 1883 490 1942 Belgicam
505 1919 521 1939 ,
544 1890 607 1932 ad
617 1892 790 1937 ductum
811 1896 1032 1942 linearum
1053 1900 1150 1944 Iur.
1176 1903 1272 1947 Cir.

119 1961 326 2010 Holland.
369 1968 690 2027 defi-riparum
729 1992 760 2020 a
799 1980 864 2022 Cl.
901 1981 959 2024 N.
989 1983 1017 2025 S
1032 1998 1072 2026 m
1088 1999 1112 2026 a
1125 1985 1170 2027 11
1185 2000 1207 2027 e
1222 2001 1270 2029 n-

117 2047 147 2089 b
161 2061 189 2090 u
202 2062 223 2090 r
237 2063 266 2106 g
279 2081 294 2100 ‚
325 2051 358 2094 1.
375 2053 502 2098 RQ:
517 2057 755 2103 BRUEYS
771 2093 786 2111 ‚
817 2064 966 2107 diebus
991 2066 1135 2120 lunae,
1161 2083 1270 2114 mat·

118 2132 202 2182 tis,
235 2140 454 2190 mercurii,
486 2143 592 2184 iov1s
620 2156 664 2185 et
693 2149 880 2199 veneris,
913 2149 1014 2191 hora
1036 2150 1133 2194 XII.

171 2213 428 2264 Historiam
468 2218 873 2284 'Iurisprudentiae
925 2230 1155 2278 Romanae
1206 2235 1266 2279 H.

1074 2317 1264 2360 ARNT-
