1513 2734
682 161 906 215 (80)

220 300 269 352 iri
300 298 466 340 mulum.
527 296 868 339 Adversariivero
884 301 925 339 in
949 301 1078 354 ipsum
1111 302 1191 343 hoc
1216 296 1357 343 Chris-

220 368 417 408 tianorum
434 365 628 420 placitum
657 367 930 410 dubitationes
946 373 1177 413 movebant.
1211 372 1358 414 Disso-

220 437 344 478 lutam
374 436 532 478 scilicet
573 439 686 477 istam
718 450 764 480 ac
795 441 1103 492 quoquoversus
1141 427 1358 496 diepersam

219 508 409 559 corporis
436 509 642 547 materiam
671 508 710 547 in
740 500 886 549 noVam
904 510 1039 550 denuo
1069 523 1219 564 corpus
1242 513 1362 565 posse

217 576 370 618 restitui
386 579 599 631 negabant.
643 576 791 631 Neque
819 580 988 620 crasfior
1016 581 1114 622 haec
1144 582 1193 621 de
1219 582 1361 623 iisdem

218 646 340 701 plane
370 647 581 688 hominum
611 660 864 690 mortuorum
896 651 1142 703 corporibus
1170 652 1210 691 in
1240 653 1363 693 vitam

218 716 726 759 restituendis*doct1·ina·in
744 718 832 772 ipso
860 719 1020 761 Codice
1051 719 1163 760 sacro
1192 719 1364 760 multum

219 783 405 840 praesidii
436 788 584 829 habere
614 789 787 830 videtur.
849 788 957 830 Illud
972 794 1116 830 'autem
1148 789 1365 842 fieripror-

219 857 284 898 sus
309 870 390 897 non
416 858 536 910 posse
563 872 682 911 quam
709 871 857 909 temere
887 859 1104 907 statuatur,
1143 859 1364 912 persentio,

220 928 290 980 qui
322 927 513 969 summam
544 928 626 969 Dei
654 930 694 969 in
726 930 891 970 homine
921 928 1175 981 procreando
1192 927 1366 969 animad-

220 998 344 1037 vertit
399 1001 638 1052 potentiam.
726 998 846 1040 vHanc
900 1011 1034 1039 autem
1090 998 1366 1040 Tertullianus

222 1079 389 1120 quoque
441 1067 509 1109 hic
556 1068 655 1110 scite
692 1069 841 1111 laudat.
922 1068 1202 1128 „Considera
1219 1067 1263 1117 ‚’'
1307 1069 1367 1107 in-

221 1137 340 1190 quit,
371 1167 400 1191 ‚,
431 1140 743 1194 temetipsum,
776 1154 802 1182 o
833 1141 988 1182 homo!
1020 1152 1061 1181 et
1077 1140 1195 1181 fidem
1226 1140 1283 1179 rei
1307 1139 1366 1178 in-

219 1236 249 1260 „
280 1210 431 1249 venies.
496 1208 731 1264 Recogita,
764 1211 863 1264 quid
891 1211 1016 1253 fu‘eris
1043 1223 1188 1261 anteat,
1225 1211 1367 1262 utique

219 1307 248 1331 „
278 1278 408 1319 nihil:
442 1279 847 1332 meminissesenim,
880 1283 906 1324 fi
938 1282 1036 1336 quid
1063 1280 1219 1322 fuisses.
1255 1280 1368 1334 'Qui

220 1368 257 1401 ,‚·
281 1362 380 1402 ergo
405 1349 506 1389 nihil
534 1349 694 1400 fueras,
726 1353 962 1406 priusquam
991 1351 1096 1392 esses
1114 1382 1126 1401 ,
1160 1351 1266 1391 idem
1294 1352 1367 1389 fn'i-

219 1448 249 1472 „
281 1420 338 1459 hil
362 1420 522 1468 factm,
556 1434 649 1461 cum
682 1422 766 1462 esse
797 1423 981 1471 defieris‚
1027 1436 1100 1463 cur
1127 1434 1211 1461 non
1240 1422 1367 1474 possis

220 1518 249 1541 ‚,
281 1489 365 1530 esse
395 1490 534 1531 rursus*
563 1491 612 1530 de
639 1492 770 1533 nihilo
812 1492 990 1547 ejusdcm
1026 1493 1147 1544 ipfius
1188 1491 1368 1531 auctoris

221 1589 249 1612 „
277 1559 512 1608 voluntate,
545 1561 615 1613 qui
646 1571 684 1600 te
710 1561 843 1603 voluit
871 1561 956 1602 esse
980 1561 1028 1601 de
1057 1560 1224 1601 nihilo?
1254 1559 1368 1613 Quid

221 1659 250 1682 ‚,
280 1632 378 1669 novi
415 1616 504 1671 tibi
528 1616 718 1671 eveniet?
750 1631 836 1685 Qui
870 1644 951 1672 non
983 1644 1098 1679 eras,
1130 1630 1263 1672 factus
1282 1641 1366 1679 ffessg

222 1730 251 1753 ,‚
282 1713 375 1741 cum
414 1702 558 1740 iterum
602 1714 683 1741 non
726 1702 826 1751 cris,
873 1702 957 1744 fies.
1020 1700 1192 1750 Redde,
1234 1702 1260 1743 fi
1293 1714 1369 1754 po-
1414 1743 1416 1746 ,

224 1801 252 1823 „
285 1783 365 1818 tes,
398 1772 620 1820 rationem,
641 1785 720 1825 qua
735 1771 867 1813 factus
883 1783 953 1821 es,
985 1782 1027 1811 et
1056 1783 1150 1811 tuuc
1165 1773 1366 1824 requires,

223 1870 251 1891 „
283 1855 360 1894 qua
389 1840 492 1880 fies’'
524 1839 618 1896 (1)
694 1841 836 1895 Inepte
870 1855 969 1882 vero
1007 1837 1238 1892 existimat,
1271 1841 1367 1883 Deo

223 1911 384 1951 facilius
414 1911 516 1951 adeo
533 1900 746 1961 decidere,
779 1911 1014 1953 dissolutam
1036 1925 1256 1964 corporum
1287 1922 1368 1953 mae'

223 1983 390 2031 teriam,
422 1983 575 2036 quippe
605 1995 708 2036 quae
729 1984 811 2038 J'am
835 1983 961 2033 adfit,
993 1982 1191 2038 colligere
1205 1980 1368 2034 viz-uque

635 2068 637 2070 ·
1284 2064 1367 2092 am-

273 2139 336 2183 (ι)
375 2142 500 2185 Apolnfs.
544 2153 572 2176 e.
612 2144 667 2184 453,
706 2142 786 2175 edit.
825 2142 1037 2175 llaverc.
1077 2153 1111 2186 p.
1142 2153 1206 2186 413
1234 2151 1368 2185 ct414.

228 2197 327 2231 Cous.
355 2199 393 2230 de
411 2202 638 2240 rejul‘chtionc·
658 2202 762 2234 carnis
777 2224 787 2240 ,
812 2209 841 2234 c,
869 2207 920 2233 11'.
