1513 2734
598 119 626 177 <
686 134 733 176 31
795 116 820 179 >

151 259 472 311 monstrandum,
516 272 626 314 quo,
670 271 722 299 ex
740 257 936 299 -omnibus
965 268 1075 306 uno,
1115 255 1272 299 divinae

149 345 223 387 hae
251 345 531 386 contineantur
571 343 808 393 doctrinae,
851 341 996 381 eximie
1034 339 1153 381 nobis
1181 351 1274 381 ean,-

147 427 240 468 dem
268 426 454 467 inservire
495 427 704 478 rationem.
736 443 781 452 —
810 423 894 464 Alii
924 422 1198 464 SCHELLINGII
1229 421 1276 462 fi-

148 509 350 559 deliores‚
382 521 500 562 quam
530 508 686 549 Christi
713 505 926 560 discipuli,
957 519 1030 560 per
1057 506 1276 557 mysticum

149 592 363 646 quemdam
419 593 540 632 animi
584 591 738 632 sensum
777 590 1081 644 phantafiaeque
1117 586 1277 637 lusum,

149 675 392 731 religionem
431 674 653 716 universam
707 672 921 728 regendam
964 671 1048 711 esse
1088 671 1279 724 patrii-unt

151 769 193 798 et
213 756 505 800 moderandam.
566 754 685 810 Quos
714 768 809 796 tum,
826 755 877 794 ad
902 755 1052 796 bonam
1081 752 1160 793 sese
1191 752 1274 793 fru-

149 853 242 896 gem
271 851 506 892 recepturos
540 838 623 878 esse
649 837 918 885 confidimus,
965 849 1057 876 cum
1084 834 1279 875 Boaomu

149 925 278 964 nostri
308 921 524 962 immortali
556 920 616 961 illi
644 920 695 960 de
722 920 991 974 mysticism0‚
1023 919 1099 966 cui,
1117 916 1282 960 Batavia

150 1018 213 1046 est
240 1007 370 1046 omnis
397 1003 578 1054 assensa,
609 1003 874 1044 dissertationi
904 999 1170 1055 persanandos
1200 998 1282 1039 sese

151 1087 439 1130 commiserint.
480 1122 482 1127 ,
527 1085 664 1139 Atque
717 1085 855 1126 eadem
910 1084 1061 1123 utinam
1116 1080 1283 1122 excussa

151 1183 271 1224 atque
297 1173 337 1210 in
365 1168 572 1209 confilium
599 1167 776 1214 adhibita
819 1166 1092 1217 disputatione
1132 1163 1283 1218 palma-

152 1255 235 1302 rifi,
281 1254 346 1292 isti
385 1252 644 1304 relipiscant‚
683 1250 752 1302 qui
790 1259 832 1288 et
864 1247 992 1297 alibi,
1036 1258 1077 1287 et
1110 1248 1151 1293 in
1177 1245 1283 1287 Pro-

153 1335 396 1391 testantium
435 1333 536 1375 adeo
578 1329 910 1384 Berolinenfium
951 1328 1106 1384 templo
1135 1330 1283 1382 prima-

153 1420 217 1459 rio
245 1431 291 1459 ac
319 1419 434 1473 regio
464 1414 539 1471 (*)
557 1446 570 1466 ‚
608 1416 715 1457 sacra
743 1416 859 1455 novis
898 1425 1159 1467 pompaeque
1195 1411 1284 1466 ple-

154 1504 216 1542 nis
241 1501 416 1542 ornanda
443 1500 607 1540 dicam?
650 1510 699 1539 an
741 1496 971 1538 oneranda?
1015 1508 1145 1549 nuper
1170 1495 1284 1536 curii-

154 1587 235 1626 rint
263 1586 413 1625 rituum
440 1582 706 1623 ceremoniis!
739 1579 925 1635 Quorum
954 1580 1042 1620 sane
1084 1579 1284 1619 dementia

153 1668 281 1720 facit,
326 1679 371 1709 ut
412 1665 626 1722 Belgarum
662 1676 705 1705 et
745 1662 1004 1705 constantiam
1043 1661 1285 1702 admiremur

1243 1753 1285 1784 et-

201 1841 263 1889 (*)
286 1843 447 1878 Videatur
467 1842 621 1882 1ibellus,
644 1841 701 1884 qui
723 1840 892 1883 inscriptus
917 1846 987 1872 est:
1009 1836 1287 1879 Kirchen-Agen-

157 1915 192 1948 di
205 1912 268 1958 fiii·
290 1915 340 1948 die
366 1912 444 1957 Hof-
467 1913 535 1946 und
558 1909 745 1946 Domkirclze
765 1913 799 1944 in
824 1910 945 1944 Berlin.
973 1907 1133 1954 (Berolini
1148 1905 1288 1951 1822.)‚

159 1983 201 2016 de
231 1994 298 2026 quo
326 1992 361 2018 et
385 1982 608 2025 exposuerunt
646 1989 680 2014 et
710 1979 867 2022 judicium
893 1976 1109 2021 prodiderunt
1136 1978 1289 2011 censores

159 2061 320 2086 nostrates
359 2053 389 2086 in
408 2052 512 2086 libro:
535 2051 710 2096 Baejdragen
736 2057 785 2083 tot
811 2049 850 2083 de
875 2047 1051 2090 beoefhning
1091 2057 1128 2080 en
1152 2035 1292 2090 geschie·

159 2122 244 2156 clamis
277 2103 335 2155 der
367 2103 494 2165 Godgbl.
532 2118 817 2164 IWteusblmppem
854 2116 893 2151 ad
929 2126 1045 2152 annum
1076 2117 1180 2158 1822,
1215 2125 1290 2165 pag.

171 2201 230 2236 135
256 2191 344 2234 seqq.
1264 2191 1266 2193 ’
