1513 2734
711 145 736 199 <
796 157 848 200 32
907 142 931 197 >

249 283 482 338 nullamque
510 284 791 327 dil-emtionem
822 297 862 326 et
901 285 1164 327 secretIOnem
1199 288 1387 340 corporis

246 369 420 422 partium
449 368 486 408 ei
514 367 654 409 afferre
695 367 815 421 posse
856 370 1089 419 interitum,
1136 368 1250 423 quod
1289 381 1384 410 vere

244 460 436 492 nostrum
463 461 536 491 est.
599 449 707 492 Hinc
741 452 782 490 in
809 450 962 492 infinita
990 451 1059 492 illa
1099 451 1303 493 causarum
1325 462 1387 496 ,et

244 532 503 574 vinculorum
534 533 662 583 serie,
694 514 942 575 conscientia
983 535 1134 575 exiistit
1163 534 1384 576 libertatis

250 624 425 657 nostrae
452 616 656 665 moralis,
702 616 1008 658 benefactorum
1037 629 1077 657 et
1119 599 1385 670 peccetorum

245 708 494 739 nostrorum.
567 697 680 742 Haec
721 711 782 740 est
819 699 944 754 judex
986 700 1147 751 severa,
1193 699 1385 741 scelesto-

245 779 363 831 rum,
409 783 529 827 etiam
570 782 612 822 in
653 782 842 823 omnibus
878 770 1131 826 affluentibus
1169 784 1302 835 copiis
1341 782 1392 823 ad

245 863 501 918 voluptatem
559 865 848 915 invitantibus,
904 877 1032 906 terror
1075 877 1115 906 et
1163 867 1390 916 cruciatum,

245 928 347 986 haec
372 958 433 986 est
463 949 618 1000 optima
646 949 804 996 amica,
848 947 1113 1005 miserorum,
1158 947 1279 1001 culpa
1323 961 1392 988 va-

247 1028 455 1078 cantium,
487 1027 618 1070 dulcis
635 1029 911 1079 eonsolatrix3
943 1030 1042 1071 haec
1058 1041 1118 1070 est
1131 1030 1290 1083 ‚sapiens
1306 1043 1390 1083 mag-

241 1111 394 1170 gisna,
443 1112 661 1162 omnium,
684 1113 754 1164 qui
785 1112 943 1156 summo
966 1112 1095 1153 studio
1122 1113 1165 1154 id
1190 1115 1390 1167 attingere

241 1203 445 1234 conantur
463 1223 475 1242 ‚
507 1194 557 1234 ad
576 1193 687 1247 quod
709 1195 791 1234 nati
817 1194 975 1244 summ,
1008 1194 1090 1235 dux
1117 1189 1227 1236 certa
1241 1195 1387 1236 etrfida'.

304 1274 418 1317 Haec
443 1266 575 1325 ratitm
617 1277 715 1318 haec
745 1278 807 1318 vis
834 1276 995 1326 divina,
1042 1278 1109 1318 hic
1159 1276 1293 1322 sensus
1322 1291 1392 1320 ex-

191 1408 213 1414 ψ
245 1356 491 1409 cellenti0r‚
523 1359 622 1400 haec
645 1354 730 1400 {lox
755 1360 847 1409 dei,
874 1360 961 1408 hoc
1001 1350 1303 1401 instrumentum
1340 1360 1392 1402 ad

240 1427 506 1483 obtinendam
537 1441 800 1495 sapientiam,
831 1454 899 1483 aut
923 1444 952 1497 ‚fi
979 1456 1064 1496 quo
1103 1443 1186 1484 alio
1223 1444 1389 1484 nomine

244 1524 376 1565 verius
407 1517 770 1577 'appellanda‘fiffi
814 1525 1006 1579 profecto
1054 1525 1210 1566 homini
1255 1527 1387 1577 inest,

243 1619 372 1661 eaque
411 1618 521 1648 tanto
553 1604 690 1662 ‘magis
734 1608 773 1649 se
813 1608 1020 1661 explicat,
1066 1620 1218 1662 quanto
1261 1611 1389 1664 magis

243 1689 448 1731 excolitur
477 1690 773 1745 intelligentia,
805 1703 926 1745 atque
955 1691 1087 1732 sensus
1121 1693 1206 1732 veri
1227 1703 1268 1733 ct
1288 1692 1388 1746 ¹pul-

243 1773 346 1815 chri.
407 1772 495 1814 Hac
524 1773 659 1814 fultus
681 1774 807 1815 homo
836 1775 886 1815 ab
913 1787 990 1824 eo,
1022 1774 1136 1827 quod
1156 1786 1258 1816 terra
1288 1787 1388 1816 eon-

244 1868 399 1897 cretum
440 1868 480 1896 et
528 1856 650 1897 satum
693 1868 784 1904 est,
816 1857 865 1898 ad
892 1857 1025 1897 divina
1054 1869 1094 1897 et
1125 1857 1320 1898 coelestia
1348 1857 1387 1898 se

245 1938 374 1980 effert.
405 1938 535 1979 Aufer
551 1940 653 1980 hanc
671 1941 751 1980 vim
767 1939 940 1980 divinam
962 1970 975 1989 ‚
1008 1941 1080 1981 fint
1096 1940 1226 1981 sensus
1244 1972 1271 1991 ‚⁷
1290 1942 1387 1981 ima-

243 2023 398 2076 ginatio
416 2053 428 2071 ‚
461 2022 728 2077 intelligentia
757 2021 830 2062 soli
859 2022 996 2063 duces.
1061 2021 1187 2062 Nulla
1201 2024 1278 2063 erit
1298 2023 1388 2064 idea

240 2105 360 2159 justi,
392 2105 501 2146 nulla
529 2106 628 2145 boni
643 2117 715 2159 per
747 2105 815 2155 se,
852 2105 961 2145 nulla
974 2107 1245 2155 aeternitatis,
1276 2105 1387 2146 nulla

239 2188 439 2230 libertatis
471 2189 663 2238 moralis,
695 2188 807 2230 nulla
837 2188 1070 2230 sanctisfimi
1097 2189 1271 2230 numinis
1297 2189 1384 2238 dei,

1319 2283 1386 2313 aut
