1513 2734
577 139 829 198 (133)

125 283 278 326 actioni
324 279 531 322 absolutae
572 281 719 321 virium
766 278 851 320 ΑΡ
890 289 931 319 et
961 276 1072 327 ΒΡ,
1102 275 1144 318 id
1173 287 1260 326 est,

125 352 304 407 aequalis
354 352 507 393 actioni
563 352 624 391 vis
667 351 917 404 compositae
961 363 1020 391 x:
1067 349 1261 402 quoniam

125 433 250 478 agunt
284 423 324 462 in
352 421 578 462 directione
608 420 718 461 illius
747 421 822 460 vis.
883 418 1049 474 Quare:

335 192 346 209 ἱ

415 500 500 543 262²
820 526 827 532 .

266 536 987 614 x=T3undex=aV2

123 650 242 707 Ergo
286 653 565 695 directionem
606 661 648 693 et
688 650 1032 705 magnitudinem
1063 648 1128 689 vis
1156 660 1262 690 com—

113 720 276 775 positae
296 754 308 773 ‚
339 720 645 777 repraesentat
661 721 905 774 diagonalis
933 718 1019 774 PQ
1053 716 1266 774 quadrati

120 791 203 832 ΑΡ
222 792 253 832 Β
271 791 341 847 Q,
387 793 507 846 cujus
551 793 667 833 latus
701 791 1025 844 proportionale
1054 799 1114 830 est
1141 800 1262 841 mab-

120 861 312 902 nitudini
340 857 502 903 uirium
531 861 781 916 aequalium
811 859 1032 900 datarum.

175 927 224 971 B.
285 930 445 972 Eodem
469 931 595 972 modo
626 929 947 977 demonstratur,
979 929 1007 969 fi
1032 929 1138 968 vires
1169 927 1258 968 sunt

118 1001 377 1054 inaequales,
425 1001 494 1042 sed
543 1000 737 1060 angulum
779 1011 938 1040 rectum
980 997 1255 1048 constituunt,

119 1071 458 1125 magnitudinem
503 1071 566 1111 vis
610 1068 856 1124 compositae
887 1068 1263 1123 proportionalem

119 1139 203 1197 esse
245 1141 469 1195 diagonali
518 1140 796 1193 rectanguli,
841 1140 961 1193 cujus
1004 1138 1153 1180 latera
1193 1150 1262 1179 re-

111 1208 402 1265 praesentant
430 1211 544 1251 vires
571 1209 714 1251 datas.

176 1278 321 1320 Restat
364 1291 408 1321 ut
466 1278 811 1328 demonstremus,
866 1276 1009 1319 eadem
1068 1278 1259 1333 diagona-

118 1349 158 1390 le
195 1349 380 1403 proponi
421 1350 690 1391 directionem
748 1348 928 1404 ejusdem
981 1349 1043 1390 vis
1085 1360 1260 1402 compo-

118 1420 240 1471 fitae3
298 1421 349 1462 ad
395 1421 508 1475 quod
547 1420 804 1475 probandum
845 1419 1053 1473 sequentia
1093 1418 1259 1460 inservi-

116 1502 213 1532 unt:

174 1560 228 1602 C.
289 1560 379 1602 Sint
405 1560 490 1601 ΑΡ
518 1571 559 1601 et
589 1561 666 1602 BP
699 1561 823 1617 (Fig.-
852 1559 921 1616 9.)
968 1562 1259 1615 proportiona-

111 1629 176 1689 les
220 1630 375 1672 duabus
413 1632 569 1672 viribus
611 1632 848 1685 aequalibus
880 1645 939 1683 ας
985 1632 1031 1672 fit
1072 1630 1159 1672 PH
1190 1644 1257 1672 ea-

116 1714 205 1743 rum
252 1703 314 1742 vis
357 1703 614 1756 compofita,
658 1703 849 1757 angulum
901 1701 1034 1743 APB
1070 1702 1272 1756 bifariam⁴

117 1770 323 1812 dividens:
370 1773 510 1825 quodsi
542 1772 628 1814 PC
662 1784 703 1814 et
732 1772 820 1814 PD
864 1771 1043 1814 dividant
1084 1771 1257 1826 angulos

116 1832 255 1882 APH
283 1853 323 1882 et
348 1842 428 1883 ¹BP
446 1841 513 1892 H,
559 1843 599 1883 in
629 1842 725 1883 duas
755 1841 943 1897 aequales
974 1852 1135 1895 partes,
1182 1840 1266 1881 ha?

119 1911 192 1951 bet
219 1912 281 1952 vis
307 1910 393 1953 PH
411 1912 527 1963 =b,
559 1914 679 1954 etiam
700 1913 796 1954 duas
822 1915 927 1953 vires
957 1912 1254 1964 decompofitas

117 1981 331 2034 aequales,
376 1983 418 2023 in
459 1983 757 2025 directionibus
795 1983 880 2024 PC
927 1993 969 2023 et
1011 1981 1099 2023 PD
1130 1994 1253 2037 agen·

118 2063 209 2102 tes;
254 2065 347 2093 cum
400 2051 483 2094 PC
506 2065 557 2094 =
588 2053 677 2096 PD
713 2060 765 2089 =
790 2067 851 2103 x,
901 2052 1127 2094 inveniatur
1170 2064 1253 2107 ope

115 2121 310 2176 principii
339 2121 395 2174 d,
428 2136 510 2177 quo
550 2126 591 2166 in
619 2124 684 2166 L².
715 2125 783 2175 A,
814 2122 870 2165 ufi
899 2122 1062 2165 sumus:

614 2204 621 2212 ·
1217 2205 1252 2232 x
