1513 2734
690 138 912 198 (58)

233 277 307 320 ab.
327 278 570 331 imperatore
597 276 688 319 Dei
722 281 915 331 nomine,
960 282 1215 337 dignitatem
1245 281 1369 336 ipfius

235 346 565 405 imperatoriam
591 349 634 388 in
661 347 877 391 discrimen
904 353 1070 398 vocari,
1102 354 1228 393 immo
1243 352 1333 394 tolli
1349 381 1367 403 ‚

231 417 465 466 existimat,
495 418 650 471 quippe
677 431 778 472 quae
810 418 971 464 homini
997 425 1242 473 conveniat,
1282 435 1365 464 non

229 496 330 543 vero
355 485 463 530 Deo.
522 487 739 530 Caeterum
754 502 888 532 autem
910 492 1142 533 adversariis
1172 492 1371 541 affirmat,

229 535 487 599 Christianos
551 560 836 614 imperatorem
886 562 1043 604 summa
1106 563 1368 602 veneratione

226 625 448 681 prosequi,
466 630 646 684 quippe
688 643 808 685 quem
860 631 912 672 ad
966 631 1076 673 illam
1128 631 1365 686 dignitatem

227 699 461 749 provexerit
499 699 696 754 ipfisque
713 702 944 756 principem
984 702 1140 743 dederit
1176 713 1278 743 unus
1315 713 1365 742 ac

225 776 344 807 verus
371 766 699 825 Christianorum
728 771 844 814 Deus
873 771 898 826 ζ
907 771 968 826 1)

245 882 247 886 ,
273 878 276 880 ,
338 836 406 879 Ad
432 838 609 881 honores
631 843 867 896 imperatori
897 842 1107 894 habendos
1131 819 1362 896 pertinebat

223 906 345 947 etiam
366 908 488 950 laeta
508 908 718 964 festorum
738 912 914 954 dierum
938 913 1182 956 celebratt'o.
1242 912 1364 969 Quos

224 987 358 1020 autem
386 979 457 1032 qui
486 979 692 1022 celebrare
733 981 999 1039 negligebat,
1043 985 1361 1038 imperatorem,

223 1046 265 1087 in
317 1047 436 1102 cujus
479 1048 679 1092 honorem
723 1053 975 1106 potisfimum
1025 1053 1363 1103 instituebantur,

195 1119 335 1169 -parvi
365 1118 500 1170 facere
540 1121 753 1164 videbatur
782 1123 998 1180 ipsumque
1027 1123 1256 1178 populum,
1288 1136 1361 1165 cu·

217 1188 282 1242 Jus
312 1188 446 1241 gaudii
470 1192 678 1246 particeps
708 1193 792 1234 esse
821 1192 983 1243 nollet,
1028 1193 1188 1235 infenso
1221 1191 1361 1246 prose·

220 1258 291 1310 qui
321 1259 472 1300 animo.
532 1260 668 1317 Quam
696 1263 751 1305 ob
782 1275 871 1317 rem
908 1263 1118 1305 adversarii
1160 1263 1362 1306 Christia-

219 1327 282 1367 nis
324 1327 481 1382 saepius
524 1331 687 1387 molesti
720 1332 856 1386 fuere.
916 1332 973 1375 Hi
1015 1335 1123 1375 enim
1164 1335 1216 1375 ab
1247 1332 1360 1374 omni

220 1396 419 1440 festorum
446 1403 725 1456 contagione
765 1403 839 1445 fibi
889 1403 1185 1459 religiofisfime
1243 1414 1363 1444 cave-

220 1466 347 1526 bant,
379 1482 473 1526 curn
499 1470 852 1529 contrawRomani
880 1474 919 1514 se
956 1476 1005 1523 iis
1033 1485 1144 1514 totos
1173 1473 1266 1515 dare
1298 1473 1361 1514 so-

221 1537 367 1578 lerent.
441 1538 653 1595 Quocirca
692 1541 892 1583 festorum
950 1544 1153 1597 imprimis
1205 1556 1361 1598 oppor-

217 1609 389 1652 tunitate
424 1610 618 1663 publicos
645 1612 753 1652 ,istos
797 1613 936 1653 hostes
975 1625 1018 1653 et
1057 1615 1359 1664 μισάνθρωπους,

217 1692 323 1734 quos
361 1679 582 1731 dicebant,
627 1682 887 1737 investigasse
927 1682 1205 1737 effrenatoque
1234 1683 1361 1725 suro·

217 1761 260 1791 re
287 1750 328 1790 in
357 1761 429 1790 eos
456 1750 622 1806 grassati
644 1751 773 1793 fuisse
805 1751 996 1798 videntur
1024 1751 1120 1806 (2).

274 1817 534 1876 Christianos
555 1832 655 1877 vero
681 1823 876 1876 gravibus
906 1824 1108 1866 rationum
1141 1825 1360 1866 momentis

315 1881 319 1888 ’
1280 1893 1360 1943 acl

262 2002 327 2050 (1)
348 2006 481 2052 Apolog.
513 2017 544 2043 c.
574 2017 644 2052 33,
667 2010 736 2054 3'4.
771 2009 821 2044 ad
844 2008 1018 2052 Nationes,
1052 2008 1093 2045 L
1117 2009 1145 2044 1.
1175 2017 1209 2043 c.
1240 2019 1292 2068 17.
1315 2009 1364 2044 ad

221 2062 414 2105 Scapulam,
438 2073 471 2097 c.
501 2077 534 2101 2.

265 2115 770 2170 (2)Rosinus,1.1.p.
799 2134 878 2169 241.
901 2124 1252 2167 Tzschirner,
1274 2118 1364 2167 11

219 2177 254 2212 S.
281 2179 369 2225 218,
393 2187 472 2222 219
