1513 2734
507 81 762 162 (165‘)

190 251 383 305 Sequitur
420 244 806 293 Menochius,
851 239 991 282 dicens
1017 233 1130 294 (ι),
1169 237 1331 291 Meno-

133 321 475 378 praesumtionem
508 316 609 371 juris
647 325 689 355 et
728 312 899 368 dejure
929 309 1014 351 esse
1039 285 1264 350 ean-ehu·

133 393 256 442 dem,
300 402 419 444 quam
461 388 581 427 etiam
618 384 880 425 necessariam
907 379 1133 432 vocamus,

134 462 397 503 necessariam
423 470 522 499 vero
549 456 631 496 dici
648 454 1014 509 praesumtionem,
1040 462 1135 492 cum

134 532 338 586 aliquibus
367 528 508 584 positis
533 525 760 566 necessario
790 523 882 579 inde
910 522 1135 569 efficimus,

136 599 547 656 quodjntendimus.
637 593 752 636 Haec
788 605 921 635 autem
951 592 1138 646 definitio

136 670 252 713 nullo
292 680 416 724 pacto
456 666 614 708 admitti
654 676 805 718 potest.
858 663 975 718 ‘Nam
1000 662 1139 718 posuit

140 743 303 797 quidem
346 736 619 780 Menoch‘i
635 747 695 776 us
738 735 987 789 differentiae
1020 731 1141 775 crite-

139 814 198 854 ria
239 814 343 852 inter
383 818 597 861 utramque
639 805 742 860 legis
769 803 1140 860 praesumtionem,

141 882 209 925 sed
266 883 320 922 ita
360 871 440 921 late
484 891 530 919 ea
569 876 732 930 posuit,
774 887 819 916 ut
862 876 999 916 revera
1031 873 1144 915 nulla

139 954 245 995 esset
274 951 498 993 differentia
542 950 646 988 inter
676 945 1018 1001 praesumtionem
1043 945 1144 1000 Juris

143 1036 184 1066 et
218 1022 267 1064 de
286 1022 375 1078 jure
403 1033 443 1061 et
469 1019 596 1075 ipsam
620 1004 921 1072 probationem.
984 1014 1143 1071 Quaesss

144 1097 259 1137 tione
300 1103 468 1148 quarta,
511 1092 571 1132 uti
614 1089 731 1144 supra
772 1088 853 1142 jam
885 1088 1146 1139 monuimus,

144 1164 488 1220 praesumtionem
528 1161 629 1216 juris
659 1150 812 1200 tantum
858 1159 911 1198 ita
956 1148 1150 1198 describit

148 1235 225 1277 Vir
254 1233 396 1289 Ampl.
415 1265 428 1284 ,
460 1231 573 1287 quod
602 1232 641 1271 ei
669 1229 788 1271 locus
817 1230 862 1272 fit
889 1240 983 1270 cum
1003 1227 1151 1281 aliqui-

147 1308 225 1349 bus
256 1307 398 1362 pofitis
423 1301 722 1352 verisimiliter,
754 1313 877 1355 atque
906 1302 960 1341 ita
998 1298 1152 1352 proba-

147 1378 317 1428 biliter,
357 1387 441 1416 non
477 1384 611 1415 autern
659 1371 890 1412 necessario
946 1369 1155 1423 sequitur,

150 1448 264 1504 quod
291 1446 551 1490 intendimus.
613 1441 860 1483 Differentia
888 1441 1014 1494 igitur
1054 1426 1159 1480 inter

151 1521 249 1562 duas
291 1518 394 1574 legis
431 1514 778 1569 praesumtionum
822 1501 1012 1566 species,
1058 1520 1162 1551 teste

152 1587 503 1635 Menochio,
547 1586 588 1624 in
625 1595 677 1624 eo
717 1581 933 1631 consistit,
980 1580 1094 1634 quod
1120 1581 1163 1620 in

152 1654 454 1713 praesumtione
513 1655 616 1711 juris
673 1664 828 1694 tantum
873 1650 1167 1704 consequentia

92 1733 94 1735 ’
155 1728 326 1770 ducatur
366 1728 416 1768 ab
463 1739 544 1775 eo,
589 1723 704 1778 quod
739 1721 1008 1764 verisimiliter
1044 1726 1167 1774 atque

158 1796 456 1854 probabiliter,
500 1807 582 1836 non
610 1806 747 1835 autem
771 1787 1027 1841 necessario,
1055 1790 1166 1831 obti-

159 1881 282 1918 neat,
314 1868 409 1908 dum
436 1868 477 1906 in
507 1864 806 1919 praesumtione
831 1863 933 1918 juris
960 1874 1002 1903 et
1032 1861 1081 1902 de
1101 1861 1168 1916 ju·

101 1967 106 1974 -
162 1953 204 1982 re
235 1940 365 1981 sermo
387 1937 455 1978 fiat
483 1936 531 1977 de
561 1948 640 1985 eo,
670 1933 782 1988 quod
806 1933 1034 1975 necessario
1057 1929 1171 1984 sequi

165 2009 323 2052 debeat.
398 2005 587 2051 Vidimus
629 2015 764 2046 autem
803 2005 844 2044 in
885 2003 1014 2057 priori
1050 2001 1172 2055 hujus

170 2099 172 2101 >
1044 2070 1177 2114 Com-

215 2155 279 2204 (ι)
303 2157 356 2194 De
377 2155 560 2201 Praeficmt.
588 2155 687 2192 Libr.
719 2154 747 2190 1.
775 2159 905 2198 quaest.
933 2159 966 2194 3.
